3064 4890
554 283 644 350 IN
675 284 1154 352 HISTORIAM
1179 285 1524 352 IOANNIS
1554 283 1905 354 CINNAMI
1930 287 2239 355 NOTAE..
2359 288 2512 360 375

537 460 771 509 strator
799 459 932 509 erat
960 446 1035 508 de
1056 449 1230 530 plebe
1255 447 1519 530 quidem,
1548 474 1740 533 neque
1760 455 2004 513 nomine
2023 457 2291 517 multum

537 537 828 618 vulgato,
873 533 1171 596 modica
1144 559 1212 595 sn
1247 541 1473 597 castris
1507 537 1770 598 mercede
1801 541 2088 608 merebat.

284 630 462 698 atque
507 622 655 681 adeo
688 620 766 680 de
793 621 998 699 plebe,
1053 629 1127 682 ut
1167 642 1304 682 cum
1326 623 1667 685 Fridericus
1706 625 1784 685 ob
1812 626 2118 705 praeclare
2144 635 2303 706 gesta
2338 627 2499 685 mili-

282 708 394 767 tari
425 706 663 787 cingulo
695 704 1211 768 cohonestandum
1241 708 1614 787 decrevisset,
1632 710 1732 771 ille
1756 730 1819 770 se
1836 712 2147 790 plebeium
2175 735 2297 772 esse
2323 712 2501 770 dixe-

283 797 364 852 rit
410 797 480 853 in
525 792 844 874 eodemque
893 791 1106 852 ordine
1169 795 1317 854 veile
1368 816 1689 856 remanere.
1775 805 2102 857 stratorum
2144 798 2508 857 militarium

281 881 504 940 mentio
536 889 628 940 est
655 880 720 939 in
745 879 1002 958 synopsi
1031 879 1210 938 Basil.
1246 880 1287 940 l.
1316 884 1356 943 6
1391 883 1497 940 ecl.
1522 886 1608 949 82
1648 891 1710 941 et
1742 883 1912 962 ⁴apud
1942 882 2244 943 Leonem
2227 904 2292 942 m
2323 883 2499 943 Tact.

281 986 329 1023 c.
361 964 444 1031 14
467 963 517 1047 5
519 969 654 1031 ,81.
723 965 824 1044 qui
865 965 1049 1044 igitur
1084 965 1446 1026 stratoribus
1473 967 1831 1027 militaribus
1856 979 2144 1048 praeerat,
2183 969 2379 1028 dictus
2406 978 2505 1027 est:

271 1061 719 1130 protostrator,
759 1051 983 1109 nostris
1007 1052 1425 1117 marescallus.
1516 1071 1657 1113 nam
1686 1053 2170 1114 marescallorum
2203 1064 2291 1113 est
2316 1073 2498 1113 exer-

277 1136 417 1197 citui
442 1137 648 1197 rocam
671 1136 955 1196 idoneum
986 1145 1048 1196 et
1078 1137 1286 1196 eastris
1321 1138 1664 1218 providere.
1745 1140 1829 1198 ita
1860 1150 2201 1219 stratorem,
2233 1140 2338 1217 qui
2369 1139 2498 1198 aliis

280 1232 366 1282 est
407 1223 842 1296 marescallus,
886 1222 1142 1301 appellat
1166 1222 1491 1284 Orderieus
1524 1223 1810 1285 Vitalisl.
1845 1230 1918 1291 11
1961 1245 2024 1306 p.
2052 1229 2212 1292 823:
2255 1225 2494 1285 Rober-

278 1320 410 1366 eum
448 1319 661 1368 autem
700 1305 774 1366 de
807 1309 1168 1385 Monteforti
1203 1308 1532 1389 honorifice
1562 1313 1830 1389 suscepit
1860 1321 1918 1368 et
1950 1346 2027 1359 —
2067 1312 2220 1390 quia
2260 1321 2496 1369 strator

276 1395 691 1454 Narmannici
723 1397 1015 1453 exercitus
1040 1393 1451 1456 haereditario
1484 1399 1618 1455 iure
1651 1398 1887 1472 fuerat,
1934 1399 2093 1455 inter
2121 1398 2507 1475 praecipuos·-

270 1479 640 1539 sublimavit
661 1505 677 1535 .-
727 1500 845 1557 qua
896 1498 1042 1539 voce
1077 1482 1402 1540 marescalli
1449 1480 1831 1542 haereditarii
1868 1480 2261 1541 Normanniae
2294 1481 2493 1560 digni-

265 1574 458 1625 utun
484 1565 703 1627 innuit.
745 1574 1133 1625 recensentur
1155 1586 1339 1646 porro
1363 1577 1655 1626 stratores
1679 1566 1834 1626 inter
1854 1567 2222 1627 Francorum
2245 1577 2491 1628 nostro-

264 1671 408 1711 rum
435 1651 634 1711 officia
677 1670 783 1710 seu
825 1649 1135 1727 officiales,
1197 1652 1289 1711 uti
1329 1652 1510 1732 vulgo
1542 1663 1841 1712 vocantur
1880 1653 1943 1711 iu
1986 1653 2136 1731 Lege
2169 1653 2357 1713 Salica
2390 1653 2489 1714 tit.

270 1742 342 1803 11
380 1733 450 1817 §.
479 1742 539 1802 6,
625 1736 927 1796 habebant
954 1738 1131 1797 etiam
1155 1755 1319 1816 reges
1346 1738 1725 1817 Longobardi
1757 1759 1895 1797 suos
1920 1747 2227 1812 stratores,
2272 1749 2343 1798 ut
2378 1759 2493 1799 au—

267 1833 404 1883 otor
433 1832 528 1881 est
548 1822 1010 1883 Erchembertus
1040 1824 1103 1881 in
1133 1823 1361 1885 Histor.
1391 1825 1648 1903 Langob.
1673 1845 1727 1886 c.
1764 1826 1843 1890 15
1871 1834 1930 1883 et
1956 1823 2123 1884 Paul.
2150 1823 2491 1884 Warnesri-

267 1907 384 1968 dus
415 1909 455 1968 l.
491 1914 536 1973 2
568 1929 620 1968 c.
655 1912 698 1972 9
726 1913 840 1983 27,
884 1909 996 1975 ke
1029 1929 1080 1968 c.
1112 1913 1170 1972 6.
1253 1928 1418 1989 roges
1464 1911 1606 1969 item
1644 1910 1901 1988 Anglici,
1945 1920 2015 1969 ut
2064 1920 2153 1968 est
2194 1910 2356 1990 apud
2391 1910 2489 1969 Si-

267 2012 542 2054 meonem
585 1994 854 2053 Dunelm.
897 2004 959 2053 et
1008 1995 1441 2073 Bromptonum
1477 1997 1760 2061 A.1052.
1849 1996 1952 2054 sed
2002 1994 2077 2054 de
2128 1996 2499 2056 stratoribus

266 2080 510 2161 copiose
537 2088 788 2159 egerunt
820 2079 1139 2139 Salmasius
1167 2089 1227 2138 et
1255 2081 1503 2140 lacobus
1528 2081 1783 2141 Gothofr
1787 2081 1935 2140 edus
1958 2081 2101 2140 locis
2126 2081 2404 2143 laudatis.

439 2187 504 2245 p.
535 2169 662 2232 219
691 2169 883 2230 v.18.
971 2158 1276 2230 ἆλλόὕτε
1304 2163 1505 2230 ποθὲν
1538 2165 1729 2246 ἔσχες]
1772 2166 1906 2225 Non
1928 2167 2294 2228 Graecorum
2324 2166 2499 2226 dun-

266 2260 443 2311 taxat
486 2250 562 2311 de
599 2260 841 2330 arrepta
880 2271 916 2308 a
960 2252 1202 2310 summis
1233 2252 1618 2332 pontificibus
1643 2252 2116 2330 inimperatores
2142 2252 2489 2312 Occidentis

268 2339 633 2398 auctoritate
655 2338 776 2396 fuit
801 2337 1071 2413 querela:
1113 2358 1253 2396 nam
1282 2338 1497 2415 passim
1524 2337 1684 2396 illius
1714 2338 1844 2397 aevi
1880 2338 2202 2418 scriptores
2234 2340 2487 2397 Germa-

267 2423 408 2499 nici,
455 2424 563 2502 qui
589 2423 712 2483 suis
732 2423 1015 2483 favebant
1039 2423 1335 2502 Augustis,
1372 2421 1530 2482 hanc
1552 2422 1915 2482 instituunt:
1955 2424 2307 2503 praesertim
2336 2442 2502 2484 vero·

267 2510 597 2570 servasius
627 2509 1060 2569 Tilleberiensis
1096 2510 1473 2570 marescallus
1509 2510 1681 2587 regni·
1711 2508 2061 2568 Arelatensis
2090 2509 2155 2568 in
2198 2528 2267 2568 eo
2307 2528 2487 2590 opere

268 2596 436 2674 quod
462 2595 800 2675 inscripsit:
842 2598 974 2653 otia
1005 2595 1377 2675 imperialia,
1405 2604 1468 2653 et
1494 2593 1726 2654 Othoni
1757 2594 1834 2653 lv
1864 2593 2212 2673 imperatori
2240 2595 2484 2658 dicavit.

268 2682 356 2742 sic
381 2690 589 2741 autem
613 2682 714 2740 ille
741 2681 808 2741 in
830 2681 1077 2761 praefat.
1105 2681 1183 2741 ad
1213 2680 1469 2741 eundem
1498 2678 1826 2740 Othonem:
1900 2679 2289 2740 Constantini
2305 2690 2500 2760 gesta·

269 2771 330 2826 si
365 2786 811 2843 memoramus,
855 2768 1088 2826 collata
1132 2767 1362 2847 legitur
1400 2776 1680 2847 potestas
1712 2768 1778 2824 in
1818 2776 2031 2845 partes
2070 2765 2486 2827 occidentales

272 2864 526 2911 tantum
545 2854 857 2930 Silvestm,
893 2854 1232 2914 Orientalis
1251 2855 1418 2933 reg-io
1436 2854 1635 2931 sacta
1658 2863 1746 2910 est
1774 2864 1963 2932 caput
1989 2855 2266 2933 imperii:
2310 2854 2487 2911 licet·

275 2960 391 3019 que
423 2960 468 2996 a
501 2941 742 2997 vicario
778 2902 1014 2999 Cl’eristi
1036 2942 1218 2998 Petro
1257 2941 1591 3018 imperator
1627 2941 1878 3017 eiusque
1902 2940 2350 2998 success-oribus
2382 2941 2498 2997 ius

273 3027 437 3105 regis
482 3026 552 3083 in
599 3023 920 3085 Occidente
970 3026 1409 3101 constituisset,
1470 3021 1820 3082 diademate
1860 3044 2057 3101 cesso,
2117 3045 2236 3084 non
2282 3035 2496 3084 tamen-

276 3113 520 3190 imperii
553 3131 772 3168 nomen
806 3111 904 3169 vei
933 3111 1255 3189 imperium
1297 3112 1503 3188 ipsum
1543 3112 1807 3169 transire
1835 3109 2032 3170 toluit
2058 3113 2388 3188 imperator
2415 3112 2487 3169 in

277 3198 662 3270 Silvestram,
699 3195 872 3276 quod
889 3195 1009 3254 sibi
1038 3216 1115 3253 ac
1138 3196 1590 3254 successorihus
1617 3198 1753 3253 suis
1779 3199 2155 3257 conservavit
2178 3200 2485 3256 intactum

276 3283 410 3340 sola
443 3279 584 3341 sede
609 3293 858 3340 mutata
894 3303 1015 3340 non
1043 3279 1364 3362 dignitate.
1450 3279 1612 3340 unde
1631 3284 1876 3360 primus
1910 3281 2175 3340 Carolus
2201 3280 2494 3361 Magnus·

277 3387 321 3425 a
350 3369 728 3427 Graecorum
762 3365 995 3425 ditione
1038 3368 1267 3448 legitur
1297 3368 1609 3426 recessisse
1641 3370 1877 3425 monita
1908 3367 2191 3447 Gregorii
2218 3367 2495 3424 iunioris

267 3473 475 3533 papae
491 3499 511 3531 ,
557 3462 634 3512 ut
657 3455 832 3531 infra
854 3474 992 3532 cap.
1022 3451 1096 3510 de
1132 3454 1403 3533 imperio,
1492 3454 1631 3534 quis
1667 3473 1807 3532 ergo
1851 3453 2052 3510 maior
2102 3455 2174 3510 in
2209 3453 2479 3519 terrenis,

279 3541 388 3617 qui
411 3536 556 3613 dat,
603 3550 712 3598 aut
740 3542 852 3618 qui
874 3538 1142 3638 accipit?
1220 3538 1491 3619 profecto
1536 3541 1650 3618 qui
1693 3536 1806 3595 dat
1841 3547 2073 3601 auctor
2103 3548 2201 3594 est·
2236 3537 2495 3595 lionoris·

283 3645 454 3702 quem
476 3623 608 3700 dat,
631 3646 755 3683 non
782 3627 896 3703 qui
921 3627 1163 3704 accipit.
1251 3622 1400 3683 deus
1429 3635 1649 3681 auctor
1678 3624 1921 3702 imperii
1944 3633 1998 3680 et
2023 3625 2354 3702 imperator
2370 3642 2485 3680 au-

283 3720 406 3768 ctor
429 3710 696 3790 papalis
729 3710 1068 3789 triumphi:
1112 3710 1390 3790 pontifice
1414 3713 1764 3768 animarum
1793 3719 1979 3787 caput
2004 3720 2091 3766 est
2118 3719 2263 3807 pos-t
2299 3707 2485 3767 Chri-

282 3805 461 3873 stum,
500 3798 833 3875 imperator
862 3816 1182 3873 corporum
1209 3794 1501 3853 dominus
1529 3804 1673 3874 post
1701 3791 1899 3852 deum.
1988 3796 2140 3873 quin
2170 3797 2354 3851 immo
2374 3814 2489 3872 per

286 3876 481 3953 deum,
522 3903 564 3938 a
603 3903 725 3961 quo
768 3883 872 3938 ius·
916 3882 1080 3960 regis
1120 3891 1206 3938 est
1244 3884 1599 3940 institutum
1648 3886 1762 3938 etc,
1845 3878 2006 3937 idem
2050 3877 2347 3939 decisione
2378 3897 2495 3938 seu

283 3974 444 4043 parte
455 3927 764 4026 illiuslibri
778 3965 1068 4025 secunda:
1111 3988 1270 4025 anno
1297 3970 1496 4047 igitur
1511 3964 1746 4024 domini
1768 3966 1915 4040 801,
1947 3984 2084 4022 cum
2098 3963 2274 4044 apud
2288 3966 2485 4025 Grae-

284 4069 380 4107 cos
417 4071 630 4110 nomen
677 4055 1062 4131 imperatoris
1109 4062 1350 4111 vacaret
1407 4062 1460 4110 et
1503 4050 1770 4130 seminis
1833 4051 2106 4108 cessisset
2142 4047 2495 4131 imperandi

285 4131 639 4213 dominatio,
673 4136 938 4197 Carolus
963 4139 1199 4197 Romae
1225 4158 1461 4197 moram
1475 4138 1736 4214 faciens
1756 4137 1987 4214 accepit
2006 4157 2051 4194 a
2075 4138 2274 4196 Leone
2288 4157 2398 4215 pp.
2427 4145 2495 4193 et*

289 4224 566 4283 universo
599 4223 832 4303 populo
860 4226 1144 4285 Romano
1176 4222 1477 4283 decretum
1492 4266 1510 4297 ‚
1566 4230 1638 4279 ut
1674 4221 1940 4280 Carolus
1969 4242 2191 4281 nomen·
2216 4225 2482 4301 impera·-

291 4309 434 4366 toris
465 4305 737 4369 indueret
772 4321 830 4369 et
852 4308 1161 4391 Augusti,
1203 4331 1266 4369 eo
1307 4307 1474 4391 quod
1503 4310 1896 4388 imperatores
1923 4308 1991 4367 in
2028 4308 2315 4369 Romana
2344 4304 2498 4366 urbe
