3064 4890
1225 344 1653 413 EPISTULA.
2407 362 2551 414 xvn

337 526 407 579 ut
432 513 819 580 lectissimos
842 510 1033 578 totius
1060 511 1339 603 imper-fi,
1391 514 1481 583 sic
1514 514 1804 585 omnibus
1838 513 2180 604 disciplinis
2211 536 2400 602 quam
2430 535 2548 583 ex·-

340 619 740 686 cultissimos.
847 618 968 681 etsi
1010 631 1255 698 autem,
1305 619 1406 685 vir
1444 619 1896 698 illustrissime,
1945 620 2207 685 minime
2248 618 2545 702 dubitem,

338 723 488 808 quin
538 734 713 786 tanta
766 742 883 808 pro
923 720 1287 807 superandis
1333 721 1648 787 literarum
1691 723 1998 788 molestiis
2046 721 2378 788 commoda
2417 724 2547 788 sint

341 824 680 904 eiusmodi,
722 836 797 887 ut
820 824 905 888 iis
935 822 1015 886 ad
1044 823 1469 913 suscipiendas
1491 825 1767 908 egregias
1791 828 2244 891 lucubrationes
2270 827 2546 913 plerique

342 929 578 1009 ingenii
627 927 1068 1012 doctrinaeque
1112 926 1294 991 laude
1335 930 1604 995 illustres
1644 931 2037 1017 impellantur
2081 930 2322 1007 acrius3
2373 928 2546 994 haud

347 1033 477 1096 scio
519 1042 723 1097 tamen
767 1050 850 1093 an
895 1031 1018 1094 ista
1058 1032 1353 1097 facilitate
1369 1079 1387 1110 ,
1445 1033 1832 1119 benignoque
1871 1031 2041 1096 aditu
2085 1032 2549 1099 inflammentur

338 1136 618 1199 maxime
634 1180 653 1214 ,
704 1154 829 1221 quo
872 1144 1009 1196 tum
1048 1136 1255 1221 ipsos,
1306 1146 1440 1199 tum
1470 1136 1754 1222 ipsorum
1787 1156 1975 1224 opera
2006 1137 2171 1202 soles
2202 1136 2544 1202 benevolus

344 1239 651 1326 amplecti.
751 1233 1043 1321 equidem
1082 1238 1225 1301 licet
1268 1235 1335 1301 id
1367 1239 1526 1301 mihi
1555 1260 1684 1305 non
1710 1260 2026 1320 arrogem,
2079 1250 2146 1301 ut
2174 1260 2279 1302 me
2303 1241 2371 1303 in
2398 1249 2543 1303 tan·

342 1351 549 1404 torum
598 1341 879 1405 virorum
935 1360 1195 1404 numero
1240 1343 1540 1405 collocare
1588 1342 1792 1405 ausim
1811 1389 1827 1420 ,
1895 1342 2291 1423 benignitatis
2333 1353 2545 1406 tamen

342 1445 524 1507 istius
559 1444 875 1530 specimen
923 1463 1118 1529 nuper
1158 1445 1289 1507 iam
1335 1445 1505 1507 sensi
1544 1446 1916 1508 luculentum
1934 1491 1953 1525 ,
2006 1464 2146 1507 cum
2181 1445 2546 1509 illustratam

340 1559 669 1632 utcumque
711 1566 746 1608 a
794 1566 899 1608 me
946 1544 1154 1610 Sancti
1196 1545 1502 1611 Ludovici
1548 1547 1905 1627 historiam,
1989 1546 2373 1632 dicatamque
2412 1547 2546 1628 regi

341 1660 557 1713 nostro
586 1649 1072 1728 christianismo,
1122 1649 1391 1735 Tibique
1406 1651 1717 1729 oblatam,
1771 1651 2068 1737 excepisti
2098 1649 2566 1717 amantissime.-

342 1753 413 1815 in
452 1775 572 1838 quo
616 1764 684 1815 ut
723 1753 1065 1839 profuerint
1102 1754 1363 1816 multum
1395 1763 1457 1815 et
1487 1754 1782 1817 maiestas
1814 1754 2055 1835 augusti
2084 1751 2249 1838 quod
2277 1755 2546 1840 praefert

340 1857 647 1934 nominis,
698 1867 764 1917 et
804 1856 1149 1935 argumenti
1190 1856 1482 1919 nobilitas
1527 1868 1710 1941 atque
1758 1857 2201 1935 sanctimonia,
2265 1858 2405 1943 plus
2449 1867 2545 1919 ta·-

338 1980 519 2037 men‚
568 1978 712 2021 mea
762 1960 1064 2021 sententia
1081 2005 1097 2036 ,
1147 1960 1380 2046 profuit
1419 1961 1699 2022 maxima
1743 1961 1865 2022 viri
1903 1959 2306 2023 illustrissimi
2336 1956 2545 2023 Caroli

341 2060 589 2126 Colbert
616 2062 822 2125 fratris
851 2063 1212 2141 auctoritas,
1264 2063 1435 2124 cuius
1465 2060 1922 2125 commendatio
1950 2073 2123 2126 tanto
2157 2062 2294 2148 plus
2327 2062 2546 2125 habuit

341 2163 504 2252 apud
545 2163 642 2228 Te
684 2162 1012 2251 ponderis,
1065 2176 1293 2250 quanto
1327 2162 1424 2227 Te
1456 2176 1520 2227 et
1549 2166 1796 2229 arctiori
1831 2165 2259 2229 coniunctione
2289 2165 2544 2245 sangui·

340 2269 470 2347 nis,
523 2268 839 2331 etveriori
865 2264 1259 2354 prudentiae,
1308 2269 1576 2348 ingenii,
1625 2266 2007 2348 modestiae,
2057 2268 2419 2352 virtutisque
2450 2268 2542 2331 si-

340 2369 686 2434 militudine
732 2371 1170 2458 complectitur.
1270 2391 1424 2457 quas
1470 2370 1724 2458 quidem
1776 2373 1843 2434 in
1889 2391 1966 2435 eo
2016 2367 2195 2435 dotes
2239 2391 2378 2434 cum
2405 2380 2542 2433 tota

341 2478 577 2562 passim
619 2473 823 2540 Gallia
864 2475 1191 2561 suspiciat,
1241 2486 1375 2538 tum
1424 2496 1540 2538 rex
1585 2477 1722 2563 ipse
1766 2473 1925 2539 adeo
1962 2486 2314 2562 perspectas
2352 2475 2544 2537 habet

350 2590 526 2663 atque
554 2580 926 2666 exploratas,
953 2588 1022 2639 ut
1046 2577 1449 2665 amplissimis
1475 2598 1583 2641 eas
1608 2579 1965 2640 muneribus
1990 2577 2333 2640 ornaverit:
2384 2597 2545 2662 quo-

347 2702 482 2744 rum
521 2683 801 2746 omnium
839 2681 1035 2744 instar
1077 2682 1233 2744 haec
1284 2678 1408 2744 duo
1443 2692 1616 2760 sunt,
1670 2677 2041 2744 demandata
2073 2699 2339 2765 nuperae
2366 2678 2541 2765 pacis

341 2783 708 2848 sanciendae
751 2804 926 2863 cura,
980 2795 1043 2847 et
1072 2785 1345 2847 solennis
1379 2804 1566 2868 quam
1592 2771 1755 2873 apud
1781 2782 2246 2847 serenissimum
2274 2801 2541 2863 magnae

337 2885 696 2951 Britanniae
734 2907 946 2968 regem
990 2909 1152 2950 nunc
1190 2888 1323 2950 obit
1357 2887 1632 2970 legatio„
1704 2887 1802 2949 cui
1834 2884 2087 2973 quidem
2119 2886 2358 2971 utrique
2387 2906 2539 2972 pro-

338 2992 612 3071 vinciae,
658 2989 826 3077 quod
865 3013 991 3053 non
1029 2988 1223 3055 modo
1259 2992 1603 3078 praefectus
1633 2991 1817 3053 fuerit
1849 2990 1926 3051 ab
1955 3009 2098 3070 rege
2134 2989 2540 3075 perspicacis-

339 3095 504 3158 simo
554 3115 762 3158 rerum
818 3094 1246 3173 aestimatore,
1312 3092 1422 3157 sed
1475 3094 1668 3156 etiam
1724 3093 2089 3157 satisfecerit
2135 3089 2537 3177 undecunque

337 3218 588 3261 summo
613 3197 955 3284 principum
978 3198 1229 3284 plausu,
1281 3207 1344 3259 et
1373 3197 1614 3283 publica
1645 3197 1924 3260 omnium
1947 3195 2382 3276 gratulatione,
2433 3193 2540 3257 vel

331 3299 486 3364 inde
516 3301 817 3364 coniicere
843 3299 983 3362 licet
1012 3311 1237 3384 quanta
1261 3298 1425 3385 apud
1452 3320 1662 3379 regem
1691 3300 1917 3380 gratia,
1971 3309 2197 3384 quanta
2228 3294 2392 3384 apud
2422 3316 2538 3360 ex-

336 3416 507 3469 teros
549 3405 747 3481 fama,
795 3414 1020 3487 quanta
1063 3400 1227 3489 apud
1268 3423 1487 3466 omnes
1530 3403 1993 3466 existimatione
2028 3401 2270 3464 floreat.
2371 3409 2539 3461 cete-

335 3529 480 3570 rum
515 3527 635 3591 qua
675 3507 741 3569 in
788 3526 892 3567 me
931 3505 1169 3592 passim
1200 3526 1349 3569 usus
1380 3517 1476 3570 est
1506 3506 1939 3569 benevolentia
1956 3551 1974 3582 ,
2023 3501 2246 3566 eadem
2272 3521 2535 3586 quoque,

338 3611 443 3676 vir
491 3609 936 3687 illustrissime,
989 3606 1290 3686 adducor,
1342 3620 1410 3670 ut
1463 3629 1705 3695 sperem
1746 3608 1842 3673 Te
1886 3607 2047 3669 mihi
2090 3623 2252 3668 nunc
2289 3605 2536 3667 facilem

338 3733 414 3776 ac
446 3714 823 3777 benevolum
849 3712 1061 3774 affore.
1164 3709 1327 3797 quod
1362 3710 1613 3796 quidem
1638 3709 1805 3773 haud
1827 3729 2007 3791 aegre
2033 3707 2442 3795 praestiteris,
2480 3705 2541 3770 si

336 3818 457 3880 has
477 3816 625 3881 Tibi
651 3815 977 3900 inscriptas
1009 3814 1475 3899 qualescumque
1513 3817 1582 3878 in
1625 3815 1953 3878 historiam
1984 3810 2423 3876 Gomnenicam
2474 3818 2540 3871 et

338 3920 406 3982 in
431 3918 695 3983 Paulum
720 3917 1140 3981 silentiarium
1166 3918 1635 3984 exercitationes
1661 3918 1928 3998 benigno
1959 3914 2274 4002 exceperis
2305 3912 2537 3991 animo,

338 4035 403 4086 et
429 4023 708 4087 nominis
732 4020 857 4084 Tui
888 4020 1065 4105 quasi
1098 4021 1453 4083 auctoritate
1477 4021 1844 4108 protexeris.
1942 4019 2100 4081 banc
2125 4036 2304 4103 spem
2326 4032 2539 4077 meam

339 4138 522 4207 auget
564 4123 852 4211 inprimis
895 4123 1203 4210 praeclara
1250 4123 1648 4187 consiliorum
1671 4122 1950 4186 Tuorum
1984 4124 2404 4203 factorumque
2432 4134 2540 4179 ra-

338 4231 431 4292 tio
447 4275 467 4307 ,
518 4247 679 4314 quae
721 4247 799 4288 eo
839 4222 1137 4288 duntaxat
1163 4246 1245 4288 ex
1275 4227 1592 4289 communi
1616 4225 1896 4289 omnium
1923 4242 2228 4288 consensu
2254 4219 2539 4307 pertinet,

340 4345 409 4396 ut
448 4332 623 4412 regni
654 4328 938 4413 regisque
972 4330 1166 4393 nostri
1200 4329 1598 4395 invictissimi
1629 4330 1888 4412 gloriam
1931 4321 2540 4414 amplitudinemque,

428 4434 731 4492 cauum.
2058 4442 2086 4473 2.
2099 4440 2125 4472 .

154 4667 315 4726 -.g-‚⁸
362 4645 429 4698 ’ἦ
492 4629 577 4720 Ἁκ,
