<?xml version="1.0" encoding="UTF-8"?>
<!DOCTYPE html PUBLIC "-//W3C//DTD XHTML 1.0 Transitional//EN"
    "http://www.w3.org/TR/xhtml1/DTD/xhtml1-transitional.dtd">
<html xmlns="http://www.w3.org/1999/xhtml" xml:lang="en" lang="en">
 <head>
  <title>
</title>
<meta http-equiv="Content-Type" content="text/html;charset=utf-8" />
  <meta name='ocr-system' content='tesseract 3.04.00' />
  <meta name='ocr-capabilities' content='ocr_page ocr_carea ocr_par ocr_line ocrx_word'/>
</head>
<body>
  <div class='ocr_page' id='page_1' title='image "./corpusscriptoru15berlgoog_0453.png"; bbox 0 0 3064 4890; ppageno 0'>
   <div class='ocr_carea' id='block_1_1' title="bbox 1160 245 2487 319">
    <p class='ocr_par' dir='ltr' id='par_1_1' title="bbox 1160 245 2487 319">
     <span class='ocr_line' id='line_1_1' title="bbox 1160 245 2487 319; baseline 0.004 -5"><span class='ocrx_word' id='word_1_1' title='bbox 1160 245 1608 316; x_wconf 76' lang='lat' dir='ltr'>EPISTOLA:</span> <span class='ocrx_word' id='word_1_2' title='bbox 2165 270 2169 275; x_wconf 86' lang='lat'><strong>·</strong></span> <span class='ocrx_word' id='word_1_3' title='bbox 2388 271 2487 319; x_wconf 84' lang='lat' dir='ltr'><strong>vu</strong></span> 
     </span>
    </p>
   </div>
   <div class='ocr_carea' id='block_1_2' title="bbox 274 418 2560 2892">
    <p class='ocr_par' dir='ltr' id='par_1_2' title="bbox 274 418 2560 2892">
     <span class='ocr_line' id='line_1_2' title="bbox 279 418 2481 503; baseline 0.001 -19"><span class='ocrx_word' id='word_1_4' title='bbox 279 440 462 484; x_wconf 81' lang='lat' dir='ltr'><strong>veras</strong></span> <span class='ocrx_word' id='word_1_5' title='bbox 493 418 862 484; x_wconf 72' lang='lat' dir='ltr'>catholicam</span> <span class='ocrx_word' id='word_1_6' title='bbox 882 419 1240 500; x_wconf 77' lang='lat' dir='ltr'><strong>veritatem3</strong></span> <span class='ocrx_word' id='word_1_7' title='bbox 1292 430 1357 483; x_wconf 89' lang='lat' dir='ltr'><strong>et</strong></span> <span class='ocrx_word' id='word_1_8' title='bbox 1382 420 1644 483; x_wconf 76' lang='lat' dir='ltr'><strong>nebulas</strong></span> <span class='ocrx_word' id='word_1_9' title='bbox 1669 419 2019 484; x_wconf 83' lang='lat' dir='ltr'><strong>haereticae</strong></span> <span class='ocrx_word' id='word_1_10' title='bbox 2053 418 2309 503; x_wconf 69' lang='lat' dir='ltr'><strong>fraudis,</strong></span> <span class='ocrx_word' id='word_1_11' title='bbox 2345 433 2481 487; x_wconf 87' lang='lat' dir='ltr'><strong>toto</strong></span> 
     </span>
     <span class='ocr_line' id='line_1_3' title="bbox 277 521 2484 611; baseline 0.002 -26"><span class='ocrx_word' id='word_1_12' title='bbox 277 523 715 611; x_wconf 72' lang='lat' dir='ltr'><strong>septentrione</strong></span> <span class='ocrx_word' id='word_1_13' title='bbox 747 521 982 585; x_wconf 82' lang='lat' dir='ltr'><strong>dudum</strong></span> <span class='ocrx_word' id='word_1_14' title='bbox 1015 524 1282 602; x_wconf 82' lang='lat' dir='ltr'><strong>offusas,</strong></span> <span class='ocrx_word' id='word_1_15' title='bbox 1324 525 1558 591; x_wconf 74' lang='lat' dir='ltr'><strong>mentis</strong></span> <span class='ocrx_word' id='word_1_16' title='bbox 1605 521 1907 589; x_wconf 75' lang='lat' dir='ltr'><strong>divinitus</strong></span> <span class='ocrx_word' id='word_1_17' title='bbox 1948 526 2288 589; x_wconf 85' lang='lat' dir='ltr'><strong>illustratae</strong></span> <span class='ocrx_word' id='word_1_18' title='bbox 2317 528 2484 590; x_wconf 81' lang='lat' dir='ltr'><strong>felici</strong></span> 
     </span>
     <span class='ocr_line' id='line_1_4' title="bbox 274 625 2486 719; baseline 0.002 -29"><span class='ocrx_word' id='word_1_19' title='bbox 274 628 655 715; x_wconf 76' lang='lat' dir='ltr'><strong>perspicacia</strong></span> <span class='ocrx_word' id='word_1_20' title='bbox 687 625 1087 691; x_wconf 82' lang='lat' dir='ltr'><strong>discusseras.</strong></span> <span class='ocrx_word' id='word_1_21' title='bbox 1188 628 1479 713; x_wconf 67' lang='lat' dir='ltr'><strong>arcebant</strong></span> <span class='ocrx_word' id='word_1_22' title='bbox 1505 649 1589 692; x_wconf 87' lang='lat' dir='ltr'><strong>ne</strong></span> <span class='ocrx_word' id='word_1_23' title='bbox 1618 646 1946 719; x_wconf 72' lang='lat' dir='ltr'>sequerere</span> <span class='ocrx_word' id='word_1_24' title='bbox 1981 629 2253 693; x_wconf 88' lang='lat' dir='ltr'><strong>oblatam</strong></span> <span class='ocrx_word' id='word_1_25' title='bbox 2284 632 2486 695; x_wconf 86' lang='lat' dir='ltr'><strong>lucem</strong></span> 
     </span>
     <span class='ocr_line' id='line_1_5' title="bbox 274 728 2484 814; baseline 0.002 -20"><span class='ocrx_word' id='word_1_26' title='bbox 274 732 509 794; x_wconf 79' lang='lat' dir='ltr'><strong>infulae</strong></span> <span class='ocrx_word' id='word_1_27' title='bbox 554 752 626 793; x_wconf 86' lang='lat' dir='ltr'><strong>ac</strong></span> <span class='ocrx_word' id='word_1_28' title='bbox 672 728 1026 794; x_wconf 80' lang='lat' dir='ltr'><strong>diademata</strong></span> <span class='ocrx_word' id='word_1_29' title='bbox 1046 779 1064 812; x_wconf 93' lang='lat'><strong>,</strong></span> <span class='ocrx_word' id='word_1_30' title='bbox 1123 732 1597 795; x_wconf 80' lang='lat' dir='ltr'><strong>tenacissimum</strong></span> <span class='ocrx_word' id='word_1_31' title='bbox 1639 732 2028 795; x_wconf 77' lang='lat' dir='ltr'><strong>vinculorum</strong></span> <span class='ocrx_word' id='word_1_32' title='bbox 2066 753 2282 814; x_wconf 81' lang='lat' dir='ltr'><strong>genus.</strong></span> <span class='ocrx_word' id='word_1_33' title='bbox 2365 733 2484 801; x_wconf 74' lang='lat' dir='ltr'><strong>,Tu</strong></span> 
     </span>
     <span class='ocr_line' id='line_1_6' title="bbox 277 834 2485 923; baseline 0.001 -25"><span class='ocrx_word' id='word_1_34' title='bbox 277 848 486 899; x_wconf 85' lang='lat' dir='ltr'><strong>tamen</strong></span> <span class='ocrx_word' id='word_1_35' title='bbox 528 836 780 898; x_wconf 84' lang='lat' dir='ltr'><strong>collecta</strong></span> <span class='ocrx_word' id='word_1_36' title='bbox 822 835 893 899; x_wconf 78' lang='lat' dir='ltr'><strong>in</strong></span> <span class='ocrx_word' id='word_1_37' title='bbox 923 835 1021 903; x_wconf 69' lang='lat' dir='ltr'><strong>Te</strong></span> <span class='ocrx_word' id='word_1_38' title='bbox 1064 850 1255 907; x_wconf 64' lang='lat' dir='ltr'><strong>uuam</strong></span> <span class='ocrx_word' id='word_1_39' title='bbox 1292 835 1483 907; x_wconf 70' lang='lat' dir='ltr'><strong>trium</strong></span> <span class='ocrx_word' id='word_1_40' title='bbox 1510 835 1925 907; x_wconf 65' lang='lat' dir='ltr'><strong>Orientalium</strong></span> <span class='ocrx_word' id='word_1_41' title='bbox 1970 834 2099 899; x_wconf 77' lang='lat' dir='ltr'><strong>fide</strong></span> <span class='ocrx_word' id='word_1_42' title='bbox 2140 857 2214 899; x_wconf 87' lang='lat' dir='ltr'><strong>ae</strong></span> <span class='ocrx_word' id='word_1_43' title='bbox 2253 837 2485 923; x_wconf 86' lang='lat' dir='ltr'><strong>pietate</strong></span> 
     </span>
     <span class='ocr_line' id='line_1_7' title="bbox 276 936 2481 1025; baseline 0 -24"><span class='ocrx_word' id='word_1_44' title='bbox 276 960 490 1020; x_wconf 81' lang='lat' dir='ltr'><strong>regum</strong></span> <span class='ocrx_word' id='word_1_45' title='bbox 504 987 523 1018; x_wconf 92' lang='lat'><strong>,</strong></span> <span class='ocrx_word' id='word_1_46' title='bbox 577 936 893 1003; x_wconf 81' lang='lat' dir='ltr'><strong>Christum</strong></span> <span class='ocrx_word' id='word_1_47' title='bbox 936 940 1088 1003; x_wconf 87' lang='lat' dir='ltr'><strong>olim</strong></span> <span class='ocrx_word' id='word_1_48' title='bbox 1132 941 1347 1003; x_wconf 85' lang='lat' dir='ltr'><strong>stellae</strong></span> <span class='ocrx_word' id='word_1_49' title='bbox 1374 937 1558 1003; x_wconf 85' lang='lat' dir='ltr'><strong>ductu</strong></span> <span class='ocrx_word' id='word_1_50' title='bbox 1572 988 1593 1021; x_wconf 86' lang='lat'>,</span> <span class='ocrx_word' id='word_1_51' title='bbox 1643 937 1900 1003; x_wconf 86' lang='lat' dir='ltr'><strong>Herode</strong></span> <span class='ocrx_word' id='word_1_52' title='bbox 1927 941 2152 1025; x_wconf 62' lang='lat' dir='ltr'><strong>frustra</strong></span> <span class='ocrx_word' id='word_1_53' title='bbox 2184 941 2481 1020; x_wconf 86' lang='lat' dir='ltr'><strong>ringente,</strong></span> 
     </span>
     <span class='ocr_line' id='line_1_8' title="bbox 277 1044 2560 1133; baseline 0.002 -30"><span class='ocrx_word' id='word_1_54' title='bbox 277 1063 574 1128; x_wconf 63' lang='lat' dir='ltr'><strong>quamn-e</strong></span> <span class='ocrx_word' id='word_1_55' title='bbox 608 1062 937 1121; x_wconf 66' lang='lat' dir='ltr'><strong>anisum,</strong></span> <span class='ocrx_word' id='word_1_56' title='bbox 986 1044 1199 1124; x_wconf 72' lang='lat' dir='ltr'><strong>regina</strong></span> <span class='ocrx_word' id='word_1_57' title='bbox 1242 1044 1431 1106; x_wconf 86' lang='lat' dir='ltr'><strong>trium</strong></span> <span class='ocrx_word' id='word_1_58' title='bbox 1471 1045 1875 1133; x_wconf 76' lang='lat' dir='ltr'><strong>populorum,</strong></span> <span class='ocrx_word' id='word_1_59' title='bbox 1917 1045 2226 1131; x_wconf 77' lang='lat' dir='ltr'><strong>perruptis</strong></span> <span class='ocrx_word' id='word_1_60' title='bbox 2273 1045 2483 1106; x_wconf 87' lang='lat' dir='ltr'><strong>omni-</strong></span> <span class='ocrx_word' id='word_1_61' title='bbox 2552 1097 2560 1107; x_wconf 95' lang='lat'><strong><em>.</em></strong></span> 
     </span>
     <span class='ocr_line' id='line_1_9' title="bbox 278 1144 2483 1229; baseline 0 -20"><span class='ocrx_word' id='word_1_62' title='bbox 278 1148 393 1210; x_wconf 84' lang='lat' dir='ltr'><strong>bus</strong></span> <span class='ocrx_word' id='word_1_63' title='bbox 435 1148 803 1229; x_wconf 68' lang='lat' dir='ltr'><strong>obstacuIiS,</strong></span> <span class='ocrx_word' id='word_1_64' title='bbox 855 1145 938 1219; x_wconf 81' lang='lat' dir='ltr'><strong>ad</strong></span> <span class='ocrx_word' id='word_1_65' title='bbox 975 1144 1206 1212; x_wconf 77' lang='lat' dir='ltr'><strong>Christi</strong></span> <span class='ocrx_word' id='word_1_66' title='bbox 1245 1147 1574 1229; x_wconf 77' lang='lat' dir='ltr'><strong>vicarium,</strong></span> <span class='ocrx_word' id='word_1_67' title='bbox 1624 1148 1873 1213; x_wconf 73' lang='lat' dir='ltr'><strong>haeresi</strong></span> <span class='ocrx_word' id='word_1_68' title='bbox 1907 1147 2167 1225; x_wconf 87' lang='lat' dir='ltr'><strong>calcata,</strong></span> <span class='ocrx_word' id='word_1_69' title='bbox 2217 1147 2483 1211; x_wconf 86' lang='lat' dir='ltr'><strong>cucurri-</strong></span> 
     </span>
     <span class='ocr_line' id='line_1_10' title="bbox 280 1247 2546 1332; baseline -0.001 -18"><span class='ocrx_word' id='word_1_70' title='bbox 280 1251 398 1329; x_wconf 82' lang='lat' dir='ltr'><strong>sti;</strong></span> <span class='ocrx_word' id='word_1_71' title='bbox 453 1271 642 1313; x_wconf 76' lang='lat' dir='ltr'><strong>verae</strong></span> <span class='ocrx_word' id='word_1_72' title='bbox 674 1250 997 1332; x_wconf 70' lang='lat' dir='ltr'><strong>religionis</strong></span> <span class='ocrx_word' id='word_1_73' title='bbox 1029 1247 1414 1314; x_wconf 82' lang='lat' dir='ltr'><strong>exercendae</strong></span> <span class='ocrx_word' id='word_1_74' title='bbox 1443 1252 1797 1313; x_wconf 82' lang='lat' dir='ltr'><strong>facultatem</strong></span> <span class='ocrx_word' id='word_1_75' title='bbox 1823 1248 1997 1313; x_wconf 84' lang='lat' dir='ltr'><strong>haud</strong></span> <span class='ocrx_word' id='word_1_76' title='bbox 2027 1271 2173 1315; x_wconf 85' lang='lat' dir='ltr'><strong>caro</strong></span> <span class='ocrx_word' id='word_1_77' title='bbox 2198 1252 2324 1314; x_wconf 87' lang='lat' dir='ltr'><strong>emi</strong></span> <span class='ocrx_word' id='word_1_78' title='bbox 2351 1262 2489 1313; x_wconf 89' lang='lat' dir='ltr'><strong>rata</strong></span> <span class='ocrx_word' id='word_1_79' title='bbox 2529 1250 2546 1261; x_wconf 77' lang='grc'><em>”</em></span> 
     </span>
     <span class='ocr_line' id='line_1_11' title="bbox 279 1354 2487 1436; baseline 0 -20"><span class='ocrx_word' id='word_1_80' title='bbox 279 1354 512 1417; x_wconf 85' lang='lat' dir='ltr'><strong>iactura</strong></span> <span class='ocrx_word' id='word_1_81' title='bbox 558 1375 910 1436; x_wconf 83' lang='lat' dir='ltr'><strong>regnorum.</strong></span> <span class='ocrx_word' id='word_1_82' title='bbox 1004 1367 1214 1418; x_wconf 78' lang='lat' dir='ltr'><strong>macte</strong></span> <span class='ocrx_word' id='word_1_83' title='bbox 1257 1374 1399 1418; x_wconf 75' lang='lat' dir='ltr'><strong>ma</strong></span> <span class='ocrx_word' id='word_1_84' title='bbox 1420 1355 1637 1435; x_wconf 56' lang='lat' dir='ltr'><strong>*gloria</strong></span> <span class='ocrx_word' id='word_1_85' title='bbox 1674 1354 2190 1418; x_wconf 81' lang='lat' dir='ltr'><strong>inusitatissimae</strong></span> <span class='ocrx_word' id='word_1_86' title='bbox 2219 1354 2487 1433; x_wconf 78' lang='lat' dir='ltr'><strong>virtutis,</strong></span> 
     </span>
     <span class='ocr_line' id='line_1_12' title="bbox 277 1455 2489 1551; baseline -0 -30"><span class='ocrx_word' id='word_1_87' title='bbox 277 1478 399 1544; x_wconf 74' lang='lat' dir='ltr'><strong>qua</strong></span> <span class='ocrx_word' id='word_1_88' title='bbox 424 1456 711 1541; x_wconf 78' lang='lat' dir='ltr'><strong>dynastis</strong></span> <span class='ocrx_word' id='word_1_89' title='bbox 738 1456 1107 1523; x_wconf 78' lang='lat' dir='ltr'><strong>Borealibus</strong></span> <span class='ocrx_word' id='word_1_90' title='bbox 1154 1458 1357 1547; x_wconf 74' lang='lat' dir='ltr'><strong>prima</strong></span> <span class='ocrx_word' id='word_1_91' title='bbox 1385 1471 1532 1551; x_wconf 73' lang='lat' dir='ltr'><strong>post</strong></span> <span class='ocrx_word' id='word_1_92' title='bbox 1557 1461 1875 1522; x_wconf 72' lang='lat' dir='ltr'><strong>funestam</strong></span> <span class='ocrx_word' id='word_1_93' title='bbox 1907 1455 2323 1523; x_wconf 77' lang='lat' dir='ltr'><strong>defectionem</strong></span> <span class='ocrx_word' id='word_1_94' title='bbox 2348 1458 2489 1520; x_wconf 87' lang='lat' dir='ltr'><strong>illa-</strong></span> 
     </span>
     <span class='ocr_line' id='line_1_13' title="bbox 277 1559 2490 1649; baseline 0 -26"><span class='ocrx_word' id='word_1_95' title='bbox 277 1582 418 1624; x_wconf 87' lang='lat' dir='ltr'><strong>rum</strong></span> <span class='ocrx_word' id='word_1_96' title='bbox 463 1561 790 1641; x_wconf 83' lang='lat' dir='ltr'><strong>regionum</strong></span> <span class='ocrx_word' id='word_1_97' title='bbox 839 1562 1088 1642; x_wconf 82' lang='lat' dir='ltr'><strong>signum</strong></span> <span class='ocrx_word' id='word_1_98' title='bbox 1128 1563 1404 1649; x_wconf 85' lang='lat' dir='ltr'><strong>exempli</strong></span> <span class='ocrx_word' id='word_1_99' title='bbox 1446 1563 1732 1626; x_wconf 83' lang='lat' dir='ltr'><strong>salutaris</strong></span> <span class='ocrx_word' id='word_1_100' title='bbox 1773 1561 2070 1624; x_wconf 75' lang='lat' dir='ltr'><strong>extulisti.</strong></span> <span class='ocrx_word' id='word_1_101' title='bbox 2171 1559 2285 1624; x_wconf 84' lang='lat' dir='ltr'><strong>sed</strong></span> <span class='ocrx_word' id='word_1_102' title='bbox 2332 1562 2490 1623; x_wconf 90' lang='lat' dir='ltr'><strong>haec</strong></span> 
     </span>
     <span class='ocr_line' id='line_1_14' title="bbox 278 1662 2494 1754; baseline 0 -28"><span class='ocrx_word' id='word_1_103' title='bbox 278 1666 579 1752; x_wconf 85' lang='lat' dir='ltr'><strong>ampliora</strong></span> <span class='ocrx_word' id='word_1_104' title='bbox 608 1676 752 1728; x_wconf 86' lang='lat' dir='ltr'><strong>sunt</strong></span> <span class='ocrx_word' id='word_1_105' title='bbox 783 1685 972 1751; x_wconf 85' lang='lat' dir='ltr'><strong>qnam</strong></span> <span class='ocrx_word' id='word_1_106' title='bbox 997 1677 1065 1728; x_wconf 87' lang='lat' dir='ltr'><strong>ut</strong></span> <span class='ocrx_word' id='word_1_107' title='bbox 1095 1667 1400 1747; x_wconf 80' lang='lat' dir='ltr'><strong>angustiis</strong></span> <span class='ocrx_word' id='word_1_108' title='bbox 1434 1666 1738 1754; x_wconf 84' lang='lat' dir='ltr'><strong>epistolae</strong></span> <span class='ocrx_word' id='word_1_109' title='bbox 1767 1666 1987 1729; x_wconf 86' lang='lat' dir='ltr'><strong>arctari</strong></span> <span class='ocrx_word' id='word_1_110' title='bbox 2019 1662 2307 1730; x_wconf 82' lang='lat' dir='ltr'><strong>debeant.</strong></span> <span class='ocrx_word' id='word_1_111' title='bbox 2410 1662 2494 1727; x_wconf 85' lang='lat' dir='ltr'><strong>ad</strong></span> 
     </span>
     <span class='ocr_line' id='line_1_15' title="bbox 279 1765 2491 1857; baseline -0.001 -26"><span class='ocrx_word' id='word_1_112' title='bbox 279 1765 664 1851; x_wconf 80' lang='lat' dir='ltr'><strong>Bryennium</strong></span> <span class='ocrx_word' id='word_1_113' title='bbox 687 1766 900 1843; x_wconf 81' lang='lat' dir='ltr'><strong>redeo.</strong></span> <span class='ocrx_word' id='word_1_114' title='bbox 1001 1769 1109 1855; x_wconf 84' lang='lat' dir='ltr'><strong>qui</strong></span> <span class='ocrx_word' id='word_1_115' title='bbox 1131 1770 1295 1832; x_wconf 87' lang='lat' dir='ltr'><strong>hunc</strong></span> <span class='ocrx_word' id='word_1_116' title='bbox 1324 1789 1507 1833; x_wconf 85' lang='lat' dir='ltr'><strong>suum</strong></span> <span class='ocrx_word' id='word_1_117' title='bbox 1532 1769 1601 1832; x_wconf 84' lang='lat' dir='ltr'><strong>in</strong></span> <span class='ocrx_word' id='word_1_118' title='bbox 1629 1769 1941 1857; x_wconf 83' lang='lat' dir='ltr'><strong>publicam</strong></span> <span class='ocrx_word' id='word_1_119' title='bbox 1967 1769 2171 1831; x_wconf 80' lang='lat' dir='ltr'><strong>lucem</strong></span> <span class='ocrx_word' id='word_1_120' title='bbox 2201 1765 2491 1848; x_wconf 76' lang='lat' dir='ltr'><strong>reditum,</strong></span> 
     </span>
     <span class='ocr_line' id='line_1_16' title="bbox 280 1870 2495 1960; baseline 0.001 -27"><span class='ocrx_word' id='word_1_121' title='bbox 280 1883 462 1957; x_wconf 82' lang='lat' dir='ltr'><strong>atque</strong></span> <span class='ocrx_word' id='word_1_122' title='bbox 495 1871 565 1934; x_wconf 86' lang='lat' dir='ltr'><strong>in</strong></span> <span class='ocrx_word' id='word_1_123' title='bbox 591 1870 842 1935; x_wconf 85' lang='lat' dir='ltr'><strong>Latium</strong></span> <span class='ocrx_word' id='word_1_124' title='bbox 867 1873 1196 1939; x_wconf 74' lang='lat' dir='ltr'><strong>transitum</strong></span> <span class='ocrx_word' id='word_1_125' title='bbox 1210 1920 1230 1952; x_wconf 91' lang='lat'>‚</span> <span class='ocrx_word' id='word_1_126' title='bbox 1269 1874 1360 1936; x_wconf 87' lang='lat' dir='ltr'><strong>ita</strong></span> <span class='ocrx_word' id='word_1_127' title='bbox 1397 1871 1651 1937; x_wconf 87' lang='lat' dir='ltr'><strong>demum</strong></span> <span class='ocrx_word' id='word_1_128' title='bbox 1681 1871 2065 1960; x_wconf 83' lang='lat' dir='ltr'><strong>auspicatum</strong></span> <span class='ocrx_word' id='word_1_129' title='bbox 2094 1873 2230 1936; x_wconf 75' lang='lat' dir='ltr'><strong>sore</strong></span> <span class='ocrx_word' id='word_1_130' title='bbox 2261 1872 2495 1935; x_wconf 87' lang='lat' dir='ltr'><strong>intelli-</strong></span> 
     </span>
     <span class='ocr_line' id='line_1_17' title="bbox 281 1975 2487 2063; baseline 0 -25"><span class='ocrx_word' id='word_1_131' title='bbox 281 1995 463 2057; x_wconf 80' lang='lat' dir='ltr'><strong>gens,</strong></span> <span class='ocrx_word' id='word_1_132' title='bbox 528 1976 587 2038; x_wconf 86' lang='lat' dir='ltr'><strong>si</strong></span> <span class='ocrx_word' id='word_1_133' title='bbox 624 1975 1007 2057; x_wconf 79' lang='lat' dir='ltr'><strong>benignitate</strong></span> <span class='ocrx_word' id='word_1_134' title='bbox 1041 1977 1278 2041; x_wconf 76' lang='lat' dir='ltr'><strong>favoris</strong></span> <span class='ocrx_word' id='word_1_135' title='bbox 1311 1976 1468 2056; x_wconf 82' lang='lat' dir='ltr'>Tui,</span> <span class='ocrx_word' id='word_1_136' title='bbox 1522 1977 1702 2063; x_wconf 83' lang='lat' dir='ltr'><strong>quasi</strong></span> <span class='ocrx_word' id='word_1_137' title='bbox 1743 1977 1896 2039; x_wconf 85' lang='lat' dir='ltr'><strong>astri</strong></span> <span class='ocrx_word' id='word_1_138' title='bbox 1934 1976 2163 2039; x_wconf 84' lang='lat' dir='ltr'><strong>natalis</strong></span> <span class='ocrx_word' id='word_1_139' title='bbox 2207 1976 2487 2039; x_wconf 82' lang='lat' dir='ltr'><strong>benefico</strong></span> 
     </span>
     <span class='ocr_line' id='line_1_18' title="bbox 281 2077 2489 2173; baseline 0 -32"><span class='ocrx_word' id='word_1_140' title='bbox 281 2090 529 2165; x_wconf 84' lang='lat' dir='ltr'><strong>aspectu</strong></span> <span class='ocrx_word' id='word_1_141' title='bbox 571 2080 915 2143; x_wconf 84' lang='lat' dir='ltr'><strong>fortunetur</strong></span> <span class='ocrx_word' id='word_1_142' title='bbox 931 2127 949 2160; x_wconf 93' lang='lat'><strong>,</strong></span> <span class='ocrx_word' id='word_1_143' title='bbox 1001 2079 1099 2143; x_wconf 89' lang='lat' dir='ltr'><strong>Te</strong></span> <span class='ocrx_word' id='word_1_144' title='bbox 1143 2081 1369 2161; x_wconf 87' lang='lat' dir='ltr'><strong>ambit,</strong></span> <span class='ocrx_word' id='word_1_145' title='bbox 1422 2079 1572 2145; x_wconf 86' lang='lat' dir='ltr'><strong>Tibi</strong></span> <span class='ocrx_word' id='word_1_146' title='bbox 1599 2081 1898 2168; x_wconf 77' lang='lat' dir='ltr'><strong>supplicat</strong></span> <span class='ocrx_word' id='word_1_147' title='bbox 1915 2126 1935 2158; x_wconf 84' lang='lat'>,</span> <span class='ocrx_word' id='word_1_148' title='bbox 1984 2077 2193 2143; x_wconf 89' lang='lat' dir='ltr'><strong>Tuum</strong></span> <span class='ocrx_word' id='word_1_149' title='bbox 2216 2079 2489 2173; x_wconf 88' lang='lat' dir='ltr'><strong>patroci-</strong></span> 
     </span>
     <span class='ocr_line' id='line_1_19' title="bbox 282 2181 2487 2273; baseline 0.001 -28"><span class='ocrx_word' id='word_1_150' title='bbox 282 2184 452 2246; x_wconf 85' lang='lat' dir='ltr'><strong>nium</strong></span> <span class='ocrx_word' id='word_1_151' title='bbox 491 2183 806 2269; x_wconf 83' lang='lat' dir='ltr'><strong>implorat.</strong></span> <span class='ocrx_word' id='word_1_152' title='bbox 907 2202 1091 2247; x_wconf 87' lang='lat' dir='ltr'><strong>suum</strong></span> <span class='ocrx_word' id='word_1_153' title='bbox 1132 2195 1455 2273; x_wconf 83' lang='lat' dir='ltr'><strong>praeterea</strong></span> <span class='ocrx_word' id='word_1_154' title='bbox 1499 2182 1610 2267; x_wconf 87' lang='lat' dir='ltr'><strong>(ut</strong></span> <span class='ocrx_word' id='word_1_155' title='bbox 1668 2196 1765 2248; x_wconf 88' lang='lat' dir='ltr'><strong>est</strong></span> <span class='ocrx_word' id='word_1_156' title='bbox 1824 2183 2021 2247; x_wconf 87' lang='lat' dir='ltr'><strong>homo</strong></span> <span class='ocrx_word' id='word_1_157' title='bbox 2059 2181 2487 2265; x_wconf 82' lang='lat' dir='ltr'><strong>gratissimus)</strong></span> 
     </span>
     <span class='ocr_line' id='line_1_20' title="bbox 283 2283 2490 2376; baseline 0 -26"><span class='ocrx_word' id='word_1_158' title='bbox 283 2297 698 2350; x_wconf 84' lang='lat' dir='ltr'><strong>remuneratur</strong></span> <span class='ocrx_word' id='word_1_159' title='bbox 720 2287 1155 2376; x_wconf 85' lang='lat' dir='ltr'><strong>interpretem:</strong></span> <span class='ocrx_word' id='word_1_160' title='bbox 1197 2285 1348 2352; x_wconf 81' lang='lat' dir='ltr'><strong>dum</strong></span> <span class='ocrx_word' id='word_1_161' title='bbox 1376 2308 1524 2375; x_wconf 83' lang='lat' dir='ltr'><strong>eum</strong></span> <span class='ocrx_word' id='word_1_162' title='bbox 1549 2288 1724 2353; x_wconf 77' lang='lat' dir='ltr'><strong>velut</strong></span> <span class='ocrx_word' id='word_1_163' title='bbox 1744 2286 2064 2351; x_wconf 85' lang='lat' dir='ltr'><strong>Maiestati</strong></span> <span class='ocrx_word' id='word_1_164' title='bbox 2088 2285 2264 2349; x_wconf 86' lang='lat' dir='ltr'><strong>Tuae</strong></span> <span class='ocrx_word' id='word_1_165' title='bbox 2289 2283 2490 2350; x_wconf 78' lang='lat' dir='ltr'><strong>devo-</strong></span> 
     </span>
     <span class='ocr_line' id='line_1_21' title="bbox 287 2386 2490 2478; baseline -0.001 -23"><span class='ocrx_word' id='word_1_166' title='bbox 287 2391 591 2455; x_wconf 82' lang='lat' dir='ltr'><strong>tissimum</strong></span> <span class='ocrx_word' id='word_1_167' title='bbox 620 2390 944 2469; x_wconf 84' lang='lat' dir='ltr'><strong>clientem,</strong></span> <span class='ocrx_word' id='word_1_168' title='bbox 995 2388 1544 2478; x_wconf 76' lang='lat' dir='ltr'><strong>amplitudinisque</strong></span> <span class='ocrx_word' id='word_1_169' title='bbox 1581 2411 1650 2454; x_wconf 91' lang='lat' dir='ltr'><strong>ac</strong></span> <span class='ocrx_word' id='word_1_170' title='bbox 1686 2390 1922 2471; x_wconf 83' lang='lat' dir='ltr'><strong>gloriae</strong></span> <span class='ocrx_word' id='word_1_171' title='bbox 1958 2386 2490 2453; x_wconf 83' lang='lat' dir='ltr'><strong>studiosissimum</strong></span> 
     </span>
     <span class='ocr_line' id='line_1_22' title="bbox 287 2491 2485 2580; baseline -0 -25"><span class='ocrx_word' id='word_1_172' title='bbox 287 2491 454 2557; x_wconf 85' lang='lat' dir='ltr'><strong>Tuae</strong></span> <span class='ocrx_word' id='word_1_173' title='bbox 469 2541 491 2575; x_wconf 88' lang='lat'>‚</span> <span class='ocrx_word' id='word_1_174' title='bbox 533 2494 852 2580; x_wconf 81' lang='lat' dir='ltr'><strong>obsequiis</strong></span> <span class='ocrx_word' id='word_1_175' title='bbox 879 2491 1221 2558; x_wconf 80' lang='lat' dir='ltr'><strong>admovere</strong></span> <span class='ocrx_word' id='word_1_176' title='bbox 1248 2493 1477 2559; x_wconf 54' lang='lat' dir='ltr'><strong>vestris</strong></span> <span class='ocrx_word' id='word_1_177' title='bbox 1504 2505 1569 2559; x_wconf 86' lang='lat' dir='ltr'><strong>et</strong></span> <span class='ocrx_word' id='word_1_178' title='bbox 1590 2494 1908 2557; x_wconf 78' lang='lat' dir='ltr'><strong>insinuare</strong></span> <span class='ocrx_word' id='word_1_179' title='bbox 1931 2492 2165 2573; x_wconf 87' lang='lat' dir='ltr'><strong>gratiae</strong></span> <span class='ocrx_word' id='word_1_180' title='bbox 2196 2505 2485 2571; x_wconf 85' lang='lat' dir='ltr'><strong>conatur3</strong></span> 
     </span>
     <span class='ocr_line' id='line_1_23' title="bbox 290 2574 2484 2686; baseline -0 -27"><span class='ocrx_word' id='word_1_181' title='bbox 290 2596 446 2661; x_wconf 84' lang='lat' dir='ltr'><strong>haud</strong></span> <span class='ocrx_word' id='word_1_182' title='bbox 481 2619 636 2661; x_wconf 88' lang='lat' dir='ltr'><strong>sane</strong></span> <span class='ocrx_word' id='word_1_183' title='bbox 665 2599 873 2670; x_wconf 84' lang='lat' dir='ltr'><strong>fucato</strong></span> <span class='ocrx_word' id='word_1_184' title='bbox 913 2574 1329 2679; x_wconf 59' lang='lat' dir='ltr'><strong>testimonio)</strong></span> <span class='ocrx_word' id='word_1_185' title='bbox 1364 2598 1594 2686; x_wconf 88' lang='lat' dir='ltr'><strong>quippe</strong></span> <span class='ocrx_word' id='word_1_186' title='bbox 1636 2618 1676 2659; x_wconf 92' lang='lat' dir='ltr'><strong>a</strong></span> <span class='ocrx_word' id='word_1_187' title='bbox 1714 2597 1896 2664; x_wconf 82' lang='lat' dir='ltr'><strong>factis</strong></span> <span class='ocrx_word' id='word_1_188' title='bbox 1938 2615 2186 2683; x_wconf 82' lang='lat' dir='ltr'><strong>semper</strong></span> <span class='ocrx_word' id='word_1_189' title='bbox 2231 2594 2484 2659; x_wconf 82' lang='lat' dir='ltr'><strong>solidis-</strong></span> 
     </span>
     <span class='ocr_line' id='line_1_24' title="bbox 296 2698 2486 2788; baseline -0.001 -25"><span class='ocrx_word' id='word_1_190' title='bbox 296 2722 401 2786; x_wconf 84' lang='lat' dir='ltr'><strong>que</strong></span> <span class='ocrx_word' id='word_1_191' title='bbox 434 2702 691 2782; x_wconf 71' lang='lat' dir='ltr'><strong>offidis,</strong></span> <span class='ocrx_word' id='word_1_192' title='bbox 744 2701 851 2764; x_wconf 85' lang='lat' dir='ltr'><strong>ubi</strong></span> <span class='ocrx_word' id='word_1_193' title='bbox 891 2722 1119 2788; x_wconf 83' lang='lat' dir='ltr'><strong>operae</strong></span> <span class='ocrx_word' id='word_1_194' title='bbox 1157 2699 1486 2768; x_wconf 84' lang='lat' dir='ltr'><strong>navandae</strong></span> <span class='ocrx_word' id='word_1_195' title='bbox 1517 2700 1762 2766; x_wconf 87' lang='lat' dir='ltr'><strong>occasio</strong></span> <span class='ocrx_word' id='word_1_196' title='bbox 1792 2700 2144 2782; x_wconf 77' lang='lat' dir='ltr'><strong>vocaverit,</strong></span> <span class='ocrx_word' id='word_1_197' title='bbox 2194 2698 2387 2764; x_wconf 84' lang='lat' dir='ltr'><strong>fidem</strong></span> <span class='ocrx_word' id='word_1_198' title='bbox 2414 2718 2486 2761; x_wconf 89' lang='lat' dir='ltr'><strong>ac</strong></span> 
     </span>
     <span class='ocr_line' id='line_1_25' title="bbox 299 2805 1121 2892; baseline 0.001 -22"><span class='ocrx_word' id='word_1_199' title='bbox 299 2807 776 2892; x_wconf 81' lang='lat' dir='ltr'><strong>experimentum</strong></span> <span class='ocrx_word' id='word_1_200' title='bbox 809 2805 1121 2870; x_wconf 80' lang='lat' dir='ltr'><strong>habituro.</strong></span> 
     </span>
    </p>
   </div>
  </div>
 </body>
</html>
