<?xml version="1.0" encoding="UTF-8"?>
<!DOCTYPE html PUBLIC "-//W3C//DTD XHTML 1.0 Transitional//EN"
    "http://www.w3.org/TR/xhtml1/DTD/xhtml1-transitional.dtd">
<html xmlns="http://www.w3.org/1999/xhtml" xml:lang="en" lang="en">
 <head>
  <title>
</title>
<meta http-equiv="Content-Type" content="text/html;charset=utf-8" />
  <meta name='ocr-system' content='tesseract 3.04.00' />
  <meta name='ocr-capabilities' content='ocr_page ocr_carea ocr_par ocr_line ocrx_word'/>
</head>
<body>
  <div class='ocr_page' id='page_1' title='image "./corpusscriptoru15berlgoog_0032.png"; bbox 0 0 3064 4890; ppageno 0'>
   <div class='ocr_carea' id='block_1_1' title="bbox 538 328 1914 397">
    <p class='ocr_par' dir='ltr' id='par_1_1' title="bbox 538 328 1914 397">
     <span class='ocr_line' id='line_1_1' title="bbox 538 328 1914 397; baseline -0.001 0"><span class='ocrx_word' id='word_1_1' title='bbox 538 345 699 397; x_wconf 71' lang='lat' dir='ltr'><strong>xxvi</strong></span> <span class='ocrx_word' id='word_1_2' title='bbox 1349 328 1464 397; x_wconf 86' lang='lat' dir='ltr'><strong>DE</strong></span> <span class='ocrx_word' id='word_1_3' title='bbox 1512 328 1914 397; x_wconf 78' lang='lat' dir='ltr'><strong>CIN&#39;NAMO.</strong></span> 
     </span>
    </p>
   </div>
   <div class='ocr_carea' id='block_1_2' title="bbox 482 498 2742 4377">
    <p class='ocr_par' dir='ltr' id='par_1_2' title="bbox 482 498 2742 4377">
     <span class='ocr_line' id='line_1_2' title="bbox 540 498 2726 590; baseline 0.001 -23"><span class='ocrx_word' id='word_1_4' title='bbox 540 498 884 567; x_wconf 82' lang='lat' dir='ltr'><strong>difficilium</strong></span> <span class='ocrx_word' id='word_1_5' title='bbox 924 498 1363 567; x_wconf 72' lang='lat' dir='ltr'><strong>enodationem</strong></span> <span class='ocrx_word' id='word_1_6' title='bbox 1400 501 1740 590; x_wconf 84' lang='lat' dir='ltr'><strong>pertinent,</strong></span> <span class='ocrx_word' id='word_1_7' title='bbox 1820 500 2192 567; x_wconf 76' lang='lat' dir='ltr'><strong>contineant.</strong></span> <span class='ocrx_word' id='word_1_8' title='bbox 2291 499 2406 566; x_wconf 85' lang='lat' dir='ltr'><strong>sed</strong></span> <span class='ocrx_word' id='word_1_9' title='bbox 2449 512 2513 567; x_wconf 84' lang='lat' dir='ltr'><strong>et</strong></span> <span class='ocrx_word' id='word_1_10' title='bbox 2555 500 2726 569; x_wconf 88' lang='lat' dir='ltr'><strong>illius</strong></span> 
     </span>
     <span class='ocr_line' id='line_1_3' title="bbox 536 604 2723 692; baseline -0 -21"><span class='ocrx_word' id='word_1_11' title='bbox 536 607 891 672; x_wconf 72' lang='lat' dir='ltr'><strong>versionem</strong></span> <span class='ocrx_word' id='word_1_12' title='bbox 917 606 1306 669; x_wconf 85' lang='lat' dir='ltr'><strong>tumultuaria</strong></span> <span class='ocrx_word' id='word_1_13' title='bbox 1334 604 1634 691; x_wconf 87' lang='lat' dir='ltr'><strong>quadam,</strong></span> <span class='ocrx_word' id='word_1_14' title='bbox 1687 616 1751 669; x_wconf 92' lang='lat' dir='ltr'><strong>ut</strong></span> <span class='ocrx_word' id='word_1_15' title='bbox 1781 604 2048 692; x_wconf 77' lang='lat' dir='ltr'><strong>ipsemet</strong></span> <span class='ocrx_word' id='word_1_16' title='bbox 2087 608 2338 685; x_wconf 76' lang='lat' dir='ltr'><strong>fatetur,</strong></span> <span class='ocrx_word' id='word_1_17' title='bbox 2390 627 2576 692; x_wconf 85' lang='lat' dir='ltr'><strong>opera</strong></span> <span class='ocrx_word' id='word_1_18' title='bbox 2606 628 2723 670; x_wconf 86' lang='lat' dir='ltr'><strong>ex·</strong></span> 
     </span>
     <span class='ocr_line' id='line_1_4' title="bbox 535 705 2722 799; baseline 0 -26"><span class='ocrx_word' id='word_1_19' title='bbox 535 720 779 773; x_wconf 83' lang='lat' dir='ltr'><strong>aratam</strong></span> <span class='ocrx_word' id='word_1_20' title='bbox 814 729 1133 775; x_wconf 83' lang='lat' dir='ltr'><strong>recensere</strong></span> <span class='ocrx_word' id='word_1_21' title='bbox 1178 730 1405 799; x_wconf 80' lang='lat' dir='ltr'><strong>operae</strong></span> <span class='ocrx_word' id='word_1_22' title='bbox 1440 710 1711 796; x_wconf 83' lang='lat' dir='ltr'><strong>pretium</strong></span> <span class='ocrx_word' id='word_1_23' title='bbox 1754 705 1937 788; x_wconf 81' lang='lat' dir='ltr'><strong>duxi,</strong></span> <span class='ocrx_word' id='word_1_24' title='bbox 2015 729 2157 772; x_wconf 87' lang='lat' dir='ltr'><strong>cum</strong></span> <span class='ocrx_word' id='word_1_25' title='bbox 2207 710 2419 773; x_wconf 87' lang='lat' dir='ltr'><strong>multis</strong></span> <span class='ocrx_word' id='word_1_26' title='bbox 2460 710 2528 773; x_wconf 89' lang='lat' dir='ltr'><strong>in</strong></span> <span class='ocrx_word' id='word_1_27' title='bbox 2564 711 2722 774; x_wconf 86' lang='lat' dir='ltr'><strong>locis</strong></span> 
     </span>
     <span class='ocr_line' id='line_1_5' title="bbox 533 812 2728 898; baseline 0 -23"><span class='ocrx_word' id='word_1_28' title='bbox 533 813 846 898; x_wconf 80' lang='lat' dir='ltr'><strong>scriptoris</strong></span> <span class='ocrx_word' id='word_1_29' title='bbox 882 823 1169 877; x_wconf 86' lang='lat' dir='ltr'><strong>mentem</strong></span> <span class='ocrx_word' id='word_1_30' title='bbox 1195 812 1309 876; x_wconf 80' lang='lat' dir='ltr'><strong>vix</strong></span> <span class='ocrx_word' id='word_1_31' title='bbox 1344 815 1425 877; x_wconf 84' lang='lat' dir='ltr'><strong>sit</strong></span> <span class='ocrx_word' id='word_1_32' title='bbox 1462 822 1811 890; x_wconf 85' lang='lat' dir='ltr'><strong>assecutus,</strong></span> <span class='ocrx_word' id='word_1_33' title='bbox 1873 812 1943 877; x_wconf 87' lang='lat' dir='ltr'><strong>in</strong></span> <span class='ocrx_word' id='word_1_34' title='bbox 1994 812 2136 877; x_wconf 87' lang='lat' dir='ltr'><strong>aliis</strong></span> <span class='ocrx_word' id='word_1_35' title='bbox 2178 814 2362 898; x_wconf 87' lang='lat' dir='ltr'><strong>paulo</strong></span> <span class='ocrx_word' id='word_1_36' title='bbox 2407 813 2728 876; x_wconf 84' lang='lat' dir='ltr'><strong>obscurior</strong></span> 
     </span>
     <span class='ocr_line' id='line_1_6' title="bbox 531 913 2723 1001; baseline 0 -23"><span class='ocrx_word' id='word_1_37' title='bbox 531 915 721 983; x_wconf 73' lang='lat' dir='ltr'><strong>visus,</strong></span> <span class='ocrx_word' id='word_1_38' title='bbox 744 915 846 979; x_wconf 88' lang='lat' dir='ltr'><strong>sit.</strong></span> <span class='ocrx_word' id='word_1_39' title='bbox 946 936 1065 1000; x_wconf 88' lang='lat' dir='ltr'><strong>qua</strong></span> <span class='ocrx_word' id='word_1_40' title='bbox 1104 913 1357 1001; x_wconf 85' lang='lat' dir='ltr'><strong>quidem</strong></span> <span class='ocrx_word' id='word_1_41' title='bbox 1391 917 1459 978; x_wconf 91' lang='lat' dir='ltr'><strong>in</strong></span> <span class='ocrx_word' id='word_1_42' title='bbox 1498 915 1953 979; x_wconf 78' lang='lat' dir='ltr'><strong>elucubratione</strong></span> <span class='ocrx_word' id='word_1_43' title='bbox 1993 915 2084 979; x_wconf 86' lang='lat' dir='ltr'><strong>ita</strong></span> <span class='ocrx_word' id='word_1_44' title='bbox 2116 937 2256 979; x_wconf 88' lang='lat' dir='ltr'><strong>sum</strong></span> <span class='ocrx_word' id='word_1_45' title='bbox 2281 926 2563 983; x_wconf 82' lang='lat' dir='ltr'><strong>versatus</strong></span> <span class='ocrx_word' id='word_1_46' title='bbox 2583 960 2602 995; x_wconf 82' lang='lat'><strong>,</strong></span> <span class='ocrx_word' id='word_1_47' title='bbox 2653 925 2723 978; x_wconf 89' lang='lat' dir='ltr'><strong>ut</strong></span> 
     </span>
     <span class='ocr_line' id='line_1_7' title="bbox 527 1015 2724 1105; baseline -0.002 -20"><span class='ocrx_word' id='word_1_48' title='bbox 527 1018 691 1085; x_wconf 79' lang='lat' dir='ltr'><strong>nihil</strong></span> <span class='ocrx_word' id='word_1_49' title='bbox 736 1015 1061 1085; x_wconf 70' lang='lat' dir='ltr'><strong>laudandis</strong></span> <span class='ocrx_word' id='word_1_50' title='bbox 1110 1019 1463 1105; x_wconf 70' lang='lat' dir='ltr'><strong>interpretis</strong></span> <span class='ocrx_word' id='word_1_51' title='bbox 1516 1018 1837 1082; x_wconf 87' lang='lat' dir='ltr'><strong>conatibus</strong></span> <span class='ocrx_word' id='word_1_52' title='bbox 1887 1016 2224 1082; x_wconf 84' lang='lat' dir='ltr'><strong>detractum</strong></span> <span class='ocrx_word' id='word_1_53' title='bbox 2263 1019 2478 1083; x_wconf 81' lang='lat' dir='ltr'><strong>velim.</strong></span> <span class='ocrx_word' id='word_1_54' title='bbox 2578 1038 2724 1081; x_wconf 87' lang='lat' dir='ltr'><strong>cum</strong></span> 
     </span>
     <span class='ocr_line' id='line_1_8' title="bbox 528 1118 2716 1206; baseline -0.001 -21"><span class='ocrx_word' id='word_1_55' title='bbox 528 1139 681 1185; x_wconf 76' lang='lat' dir='ltr'><strong>vero</strong></span> <span class='ocrx_word' id='word_1_56' title='bbox 712 1118 929 1185; x_wconf 82' lang='lat' dir='ltr'><strong>Codex</strong></span> <span class='ocrx_word' id='word_1_57' title='bbox 954 1142 1073 1184; x_wconf 88' lang='lat' dir='ltr'><strong>ms.</strong></span> <span class='ocrx_word' id='word_1_58' title='bbox 1100 1119 1407 1201; x_wconf 86' lang='lat' dir='ltr'><strong>Cinnami,</strong></span> <span class='ocrx_word' id='word_1_59' title='bbox 1456 1122 1563 1206; x_wconf 80' lang='lat' dir='ltr'><strong>qui</strong></span> <span class='ocrx_word' id='word_1_60' title='bbox 1592 1132 1870 1187; x_wconf 76' lang='lat' dir='ltr'><strong>servatur</strong></span> <span class='ocrx_word' id='word_1_61' title='bbox 1890 1122 1959 1187; x_wconf 80' lang='lat' dir='ltr'><strong>in</strong></span> <span class='ocrx_word' id='word_1_62' title='bbox 1989 1122 2354 1187; x_wconf 81' lang='lat' dir='ltr'><strong>bibliotheca</strong></span> <span class='ocrx_word' id='word_1_63' title='bbox 2390 1119 2716 1201; x_wconf 82' lang='lat' dir='ltr'><strong>Vaticana,</strong></span> 
     </span>
     <span class='ocr_line' id='line_1_9' title="bbox 525 1221 2718 1309; baseline -0 -22"><span class='ocrx_word' id='word_1_64' title='bbox 525 1221 597 1287; x_wconf 74' lang='lat' dir='ltr'><strong>in</strong></span> <span class='ocrx_word' id='word_1_65' title='bbox 639 1243 754 1287; x_wconf 86' lang='lat' dir='ltr'><strong>sex</strong></span> <span class='ocrx_word' id='word_1_66' title='bbox 783 1225 974 1288; x_wconf 88' lang='lat' dir='ltr'><strong>libros</strong></span> <span class='ocrx_word' id='word_1_67' title='bbox 1013 1222 1355 1304; x_wconf 78' lang='lat' dir='ltr'><strong>dividatur,</strong></span> <span class='ocrx_word' id='word_1_68' title='bbox 1416 1225 1484 1291; x_wconf 85' lang='lat' dir='ltr'><strong>in</strong></span> <span class='ocrx_word' id='word_1_69' title='bbox 1515 1222 1782 1289; x_wconf 84' lang='lat' dir='ltr'><strong>totidem</strong></span> <span class='ocrx_word' id='word_1_70' title='bbox 1807 1224 2135 1289; x_wconf 77' lang='lat' dir='ltr'><strong>historiam</strong></span> <span class='ocrx_word' id='word_1_71' title='bbox 2161 1225 2351 1305; x_wconf 86' lang='lat' dir='ltr'><strong>hanc,</strong></span> <span class='ocrx_word' id='word_1_72' title='bbox 2401 1225 2718 1309; x_wconf 85' lang='lat' dir='ltr'><strong>librosque</strong></span> 
     </span>
     <span class='ocr_line' id='line_1_10' title="bbox 524 1324 2720 1412; baseline 0 -24"><span class='ocrx_word' id='word_1_73' title='bbox 524 1324 595 1388; x_wconf 73' lang='lat' dir='ltr'><strong>in</strong></span> <span class='ocrx_word' id='word_1_74' title='bbox 618 1327 955 1405; x_wconf 78' lang='lat' dir='ltr'><strong>sectiones,</strong></span> <span class='ocrx_word' id='word_1_75' title='bbox 1006 1337 1111 1389; x_wconf 89' lang='lat' dir='ltr'><strong>aut</strong></span> <span class='ocrx_word' id='word_1_76' title='bbox 1137 1328 1335 1412; x_wconf 84' lang='lat' dir='ltr'><strong>capita</strong></span> <span class='ocrx_word' id='word_1_77' title='bbox 1365 1346 1506 1391; x_wconf 78' lang='lat' dir='ltr'><strong>sum</strong></span> <span class='ocrx_word' id='word_1_78' title='bbox 1531 1328 1819 1412; x_wconf 82' lang='lat' dir='ltr'><strong>partitus,</strong></span> <span class='ocrx_word' id='word_1_79' title='bbox 1869 1349 2008 1389; x_wconf 87' lang='lat' dir='ltr'><strong>cum</strong></span> <span class='ocrx_word' id='word_1_80' title='bbox 2034 1328 2104 1405; x_wconf 81' lang='lat' dir='ltr'><strong>in</strong></span> <span class='ocrx_word' id='word_1_81' title='bbox 2128 1325 2404 1393; x_wconf 80' lang='lat' dir='ltr'><strong>editione</strong></span> <span class='ocrx_word' id='word_1_82' title='bbox 2429 1326 2720 1393; x_wconf 79' lang='lat' dir='ltr'><strong>Tulliana</strong></span> 
     </span>
     <span class='ocr_line' id='line_1_11' title="bbox 522 1426 2713 1514; baseline 0 -22"><span class='ocrx_word' id='word_1_83' title='bbox 522 1427 595 1492; x_wconf 75' lang='lat' dir='ltr'><strong>in</strong></span> <span class='ocrx_word' id='word_1_84' title='bbox 619 1440 879 1514; x_wconf 71' lang='lat' dir='ltr'><strong>quatuor</strong></span> <span class='ocrx_word' id='word_1_85' title='bbox 905 1440 1144 1493; x_wconf 81' lang='lat' dir='ltr'><strong>tantum</strong></span> <span class='ocrx_word' id='word_1_86' title='bbox 1170 1431 1361 1497; x_wconf 88' lang='lat' dir='ltr'><strong>libros</strong></span> <span class='ocrx_word' id='word_1_87' title='bbox 1398 1428 1795 1508; x_wconf 78' lang='lat' dir='ltr'><strong>divideretur,</strong></span> <span class='ocrx_word' id='word_1_88' title='bbox 1834 1450 2096 1514; x_wconf 85' lang='lat' dir='ltr'><strong>quorum</strong></span> <span class='ocrx_word' id='word_1_89' title='bbox 2125 1426 2378 1493; x_wconf 86' lang='lat' dir='ltr'><strong>ultimus</strong></span> <span class='ocrx_word' id='word_1_90' title='bbox 2408 1449 2520 1509; x_wconf 83' lang='lat' dir='ltr'><strong>sua</strong></span> <span class='ocrx_word' id='word_1_91' title='bbox 2545 1430 2713 1493; x_wconf 89' lang='lat' dir='ltr'><strong>mole</strong></span> 
     </span>
     <span class='ocr_line' id='line_1_12' title="bbox 520 1531 2712 1619; baseline 0 -24"><span class='ocrx_word' id='word_1_92' title='bbox 520 1541 649 1595; x_wconf 84' lang='lat' dir='ltr'><strong>tres</strong></span> <span class='ocrx_word' id='word_1_93' title='bbox 677 1533 835 1597; x_wconf 88' lang='lat' dir='ltr'><strong>alios</strong></span> <span class='ocrx_word' id='word_1_94' title='bbox 865 1534 1061 1597; x_wconf 75' lang='lat' dir='ltr'><strong>ferme</strong></span> <span class='ocrx_word' id='word_1_95' title='bbox 1093 1531 1357 1597; x_wconf 86' lang='lat' dir='ltr'><strong>excedit.</strong></span> <span class='ocrx_word' id='word_1_96' title='bbox 1458 1534 1687 1619; x_wconf 85' lang='lat' dir='ltr'><strong>quippe</strong></span> <span class='ocrx_word' id='word_1_97' title='bbox 1715 1532 1792 1595; x_wconf 79' lang='lat' dir='ltr'><strong>-in</strong></span> <span class='ocrx_word' id='word_1_98' title='bbox 1822 1554 1941 1597; x_wconf 87' lang='lat' dir='ltr'><strong>ms.</strong></span> <span class='ocrx_word' id='word_1_99' title='bbox 1974 1531 2205 1599; x_wconf 87' lang='lat' dir='ltr'><strong>Codice</strong></span> <span class='ocrx_word' id='word_1_100' title='bbox 2231 1534 2299 1596; x_wconf 93' lang='lat' dir='ltr'><strong>in</strong></span> <span class='ocrx_word' id='word_1_101' title='bbox 2328 1544 2454 1596; x_wconf 86' lang='lat' dir='ltr'><strong>tres</strong></span> <span class='ocrx_word' id='word_1_102' title='bbox 2482 1533 2712 1619; x_wconf 86' lang='lat' dir='ltr'><strong>pariter</strong></span> 
     </span>
     <span class='ocr_line' id='line_1_13' title="bbox 522 1631 2712 1724; baseline 0.002 -29"><span class='ocrx_word' id='word_1_103' title='bbox 522 1631 945 1715; x_wconf 70' lang='lat' dir='ltr'><strong>distinguitur,</strong></span> <span class='ocrx_word' id='word_1_104' title='bbox 1011 1648 1080 1699; x_wconf 84' lang='lat' dir='ltr'><strong>ut</strong></span> <span class='ocrx_word' id='word_1_105' title='bbox 1118 1647 1329 1701; x_wconf 87' lang='lat' dir='ltr'><strong>auctor</strong></span> <span class='ocrx_word' id='word_1_106' title='bbox 1369 1647 1464 1699; x_wconf 89' lang='lat' dir='ltr'><strong>est</strong></span> <span class='ocrx_word' id='word_1_107' title='bbox 1501 1636 1792 1715; x_wconf 78' lang='lat' dir='ltr'><strong>Allatius,</strong></span> <span class='ocrx_word' id='word_1_108' title='bbox 1843 1635 1949 1721; x_wconf 91' lang='lat' dir='ltr'><strong>qui</strong></span> <span class='ocrx_word' id='word_1_109' title='bbox 1983 1648 2300 1724; x_wconf 85' lang='lat' dir='ltr'><strong>praeterea</strong></span> <span class='ocrx_word' id='word_1_110' title='bbox 2339 1636 2712 1723; x_wconf 86' lang='lat' dir='ltr'><strong>principium</strong></span> 
     </span>
     <span class='ocr_line' id='line_1_14' title="bbox 521 1737 2710 1826; baseline 0 -25"><span class='ocrx_word' id='word_1_111' title='bbox 521 1737 775 1822; x_wconf 85' lang='lat' dir='ltr'><strong>septimi</strong></span> <span class='ocrx_word' id='word_1_112' title='bbox 819 1739 887 1800; x_wconf 91' lang='lat' dir='ltr'><strong>in</strong></span> <span class='ocrx_word' id='word_1_113' title='bbox 929 1758 1006 1802; x_wconf 86' lang='lat' dir='ltr'><strong>eo</strong></span> <span class='ocrx_word' id='word_1_114' title='bbox 1046 1739 1197 1818; x_wconf 81' lang='lat' dir='ltr'><strong>legi,</strong></span> <span class='ocrx_word' id='word_1_115' title='bbox 1261 1760 1376 1803; x_wconf 87' lang='lat' dir='ltr'><strong>nec</strong></span> <span class='ocrx_word' id='word_1_116' title='bbox 1432 1740 1619 1817; x_wconf 87' lang='lat' dir='ltr'><strong>ultra,</strong></span> <span class='ocrx_word' id='word_1_117' title='bbox 1692 1750 1967 1802; x_wconf 85' lang='lat' dir='ltr'><strong>annotat.</strong></span> <span class='ocrx_word' id='word_1_118' title='bbox 2068 1739 2235 1826; x_wconf 89' lang='lat' dir='ltr'><strong>quod</strong></span> <span class='ocrx_word' id='word_1_119' title='bbox 2289 1738 2436 1803; x_wconf 90' lang='lat' dir='ltr'><strong>inde</strong></span> <span class='ocrx_word' id='word_1_120' title='bbox 2479 1742 2710 1802; x_wconf 87' lang='lat' dir='ltr'><strong>sactum</strong></span> 
     </span>
     <span class='ocr_line' id='line_1_15' title="bbox 519 1839 2709 1925; baseline 0.001 -23"><span class='ocrx_word' id='word_1_121' title='bbox 519 1841 868 1919; x_wconf 87' lang='lat' dir='ltr'><strong>existimat,</strong></span> <span class='ocrx_word' id='word_1_122' title='bbox 922 1840 1143 1925; x_wconf 77' lang='lat' dir='ltr'><strong>“quod</strong></span> <span class='ocrx_word' id='word_1_123' title='bbox 1170 1843 1273 1904; x_wconf 91' lang='lat' dir='ltr'><strong>ille</strong></span> <span class='ocrx_word' id='word_1_124' title='bbox 1300 1839 1522 1905; x_wconf 83' lang='lat' dir='ltr'><strong>Codex</strong></span> <span class='ocrx_word' id='word_1_125' title='bbox 1548 1843 2031 1921; x_wconf 60' lang='lat' dir='ltr'><strong>ascribebatur,</strong></span> <span class='ocrx_word' id='word_1_126' title='bbox 2094 1865 2231 1905; x_wconf 92' lang='lat' dir='ltr'><strong>cum</strong></span> <span class='ocrx_word' id='word_1_127' title='bbox 2267 1841 2709 1909; x_wconf 87' lang='lat' dir='ltr'><strong>Constantino-</strong></span> 
     </span>
     <span class='ocr_line' id='line_1_16' title="bbox 515 1943 2713 2031; baseline 0.001 -26"><span class='ocrx_word' id='word_1_128' title='bbox 515 1943 679 2030; x_wconf 89' lang='lat' dir='ltr'><strong>polis</strong></span> <span class='ocrx_word' id='word_1_129' title='bbox 712 1954 869 2006; x_wconf 84' lang='lat' dir='ltr'><strong>terra</strong></span> <span class='ocrx_word' id='word_1_130' title='bbox 894 1946 1172 2029; x_wconf 85' lang='lat' dir='ltr'><strong>marique</strong></span> <span class='ocrx_word' id='word_1_131' title='bbox 1200 1946 1487 2023; x_wconf 86' lang='lat' dir='ltr'><strong>obsessa,</strong></span> <span class='ocrx_word' id='word_1_132' title='bbox 1544 1947 1868 2009; x_wconf 86' lang='lat' dir='ltr'><strong>tormentis</strong></span> <span class='ocrx_word' id='word_1_133' title='bbox 1909 1946 2143 2010; x_wconf 76' lang='lat' dir='ltr'><strong>bellicis</strong></span> <span class='ocrx_word' id='word_1_134' title='bbox 2177 1969 2212 2009; x_wconf 87' lang='lat' dir='ltr'><strong>a</strong></span> <span class='ocrx_word' id='word_1_135' title='bbox 2242 1944 2713 2031; x_wconf 29' lang='lat' dir='ltr'><strong>mahumetanis,</strong></span> 
     </span>
     <span class='ocr_line' id='line_1_17' title="bbox 517 2046 2705 2135; baseline 0.001 -28"><span class='ocrx_word' id='word_1_136' title='bbox 517 2047 998 2132; x_wconf 81' lang='lat' dir='ltr'><strong>oppugnabatur,</strong></span> <span class='ocrx_word' id='word_1_137' title='bbox 1042 2059 1111 2110; x_wconf 92' lang='lat' dir='ltr'><strong>ut</strong></span> <span class='ocrx_word' id='word_1_138' title='bbox 1139 2049 1478 2134; x_wconf 77' lang='lat' dir='ltr'><strong>exscriptor</strong></span> <span class='ocrx_word' id='word_1_139' title='bbox 1506 2048 1576 2111; x_wconf 90' lang='lat' dir='ltr'><strong>in</strong></span> <span class='ocrx_word' id='word_1_140' title='bbox 1599 2053 1874 2129; x_wconf 85' lang='lat' dir='ltr'><strong>margine</strong></span> <span class='ocrx_word' id='word_1_141' title='bbox 1908 2061 2331 2117; x_wconf 83' lang='lat' dir='ltr'><strong>annotaverat.</strong></span> <span class='ocrx_word' id='word_1_142' title='bbox 2396 2046 2497 2111; x_wconf 91' lang='lat' dir='ltr'><strong>dei</strong></span> <span class='ocrx_word' id='word_1_143' title='bbox 2527 2058 2705 2135; x_wconf 89' lang='lat' dir='ltr'><strong>post-</strong></span> 
     </span>
     <span class='ocr_line' id='line_1_18' title="bbox 513 2147 2706 2238; baseline 0.002 -25"><span class='ocrx_word' id='word_1_144' title='bbox 513 2147 775 2213; x_wconf 83' lang='lat' dir='ltr'><strong>modum</strong></span> <span class='ocrx_word' id='word_1_145' title='bbox 818 2150 981 2213; x_wconf 86' lang='lat' dir='ltr'><strong>iusto</strong></span> <span class='ocrx_word' id='word_1_146' title='bbox 1023 2148 1254 2215; x_wconf 83' lang='lat' dir='ltr'><strong>iudicio</strong></span> <span class='ocrx_word' id='word_1_147' title='bbox 1295 2152 1445 2219; x_wconf 78' lang='lat' dir='ltr'><strong>urbe</strong></span> <span class='ocrx_word' id='word_1_148' title='bbox 1475 2151 1759 2215; x_wconf 81' lang='lat' dir='ltr'><strong>hostibus</strong></span> <span class='ocrx_word' id='word_1_149' title='bbox 1788 2150 2045 2232; x_wconf 84' lang='lat' dir='ltr'><strong>tradita,</strong></span> <span class='ocrx_word' id='word_1_150' title='bbox 2098 2152 2429 2238; x_wconf 86' lang='lat' dir='ltr'><strong>exscriptio</strong></span> <span class='ocrx_word' id='word_1_151' title='bbox 2458 2171 2706 2236; x_wconf 51' lang='lat' dir='ltr'><strong>quoque¹</strong></span> 
     </span>
     <span class='ocr_line' id='line_1_19' title="bbox 512 2251 2704 2345; baseline 0.001 -32"><span class='ocrx_word' id='word_1_152' title='bbox 512 2251 616 2314; x_wconf 86' lang='lat' dir='ltr'><strong>illa</strong></span> <span class='ocrx_word' id='word_1_153' title='bbox 650 2264 792 2338; x_wconf 85' lang='lat' dir='ltr'><strong>post</strong></span> <span class='ocrx_word' id='word_1_154' title='bbox 818 2254 1050 2337; x_wconf 84' lang='lat' dir='ltr'><strong>aliquot</strong></span> <span class='ocrx_word' id='word_1_155' title='bbox 1074 2254 1331 2340; x_wconf 80' lang='lat' dir='ltr'><strong>paginas</strong></span> <span class='ocrx_word' id='word_1_156' title='bbox 1361 2254 1554 2317; x_wconf 83' lang='lat' dir='ltr'><strong>finem</strong></span> <span class='ocrx_word' id='word_1_157' title='bbox 1590 2254 1839 2333; x_wconf 85' lang='lat' dir='ltr'><strong>habuit,</strong></span> <span class='ocrx_word' id='word_1_158' title='bbox 1889 2257 1995 2318; x_wconf 80' lang='lat' dir='ltr'><strong>vel</strong></span> <span class='ocrx_word' id='word_1_159' title='bbox 2023 2256 2476 2345; x_wconf 83' lang='lat' dir='ltr'><strong>expugnatione</strong></span> <span class='ocrx_word' id='word_1_160' title='bbox 2512 2254 2704 2333; x_wconf 80' lang='lat' dir='ltr'><strong>urbis,</strong></span> 
     </span>
     <span class='ocr_line' id='line_1_20' title="bbox 512 2355 2699 2450; baseline 0.001 -34"><span class='ocrx_word' id='word_1_161' title='bbox 512 2356 617 2450; x_wconf 57' lang='lat' dir='ltr'><strong>*tn-l</strong></span> <span class='ocrx_word' id='word_1_162' title='bbox 648 2355 1018 2435; x_wconf 79' lang='lat' dir='ltr'><strong>infortunio,</strong></span> <span class='ocrx_word' id='word_1_163' title='bbox 1069 2361 1306 2420; x_wconf 88' lang='lat' dir='ltr'><strong>utinam</strong></span> <span class='ocrx_word' id='word_1_164' title='bbox 1329 2378 1457 2421; x_wconf 88' lang='lat' dir='ltr'><strong>non</strong></span> <span class='ocrx_word' id='word_1_165' title='bbox 1484 2355 1675 2421; x_wconf 85' lang='lat' dir='ltr'><strong>caede</strong></span> <span class='ocrx_word' id='word_1_166' title='bbox 1702 2357 2095 2444; x_wconf 86' lang='lat' dir='ltr'><strong>exscriptoris</strong></span> <span class='ocrx_word' id='word_1_167' title='bbox 2121 2359 2571 2421; x_wconf 75' lang='lat' dir='ltr'><strong>interturbata-’⁹</strong></span> <span class='ocrx_word' id='word_1_168' title='bbox 2634 2368 2699 2420; x_wconf 91' lang='lat' dir='ltr'><strong>et</strong></span> 
     </span>
     <span class='ocr_line' id='line_1_21' title="bbox 511 2459 2742 2547; baseline 0.001 -26"><span class='ocrx_word' id='word_1_169' title='bbox 511 2479 662 2521; x_wconf 87' lang='lat' dir='ltr'><strong>sane</strong></span> <span class='ocrx_word' id='word_1_170' title='bbox 686 2472 834 2546; x_wconf 90' lang='lat' dir='ltr'><strong>post</strong></span> <span class='ocrx_word' id='word_1_171' title='bbox 858 2459 1167 2526; x_wconf 76' lang='lat' dir='ltr'><strong>Manue&#39;lis</strong></span> <span class='ocrx_word' id='word_1_172' title='bbox 1196 2481 1521 2526; x_wconf 83' lang='lat' dir='ltr'><strong>excessum</strong></span> <span class='ocrx_word' id='word_1_173' title='bbox 1555 2462 1882 2526; x_wconf 86' lang='lat' dir='ltr'><strong>historiam</strong></span> <span class='ocrx_word' id='word_1_174' title='bbox 1910 2483 1980 2525; x_wconf 91' lang='lat' dir='ltr'><strong>se</strong></span> <span class='ocrx_word' id='word_1_175' title='bbox 2009 2464 2404 2528; x_wconf 81' lang='lat' dir='ltr'><strong>concinnasse</strong></span> <span class='ocrx_word' id='word_1_176' title='bbox 2431 2462 2698 2547; x_wconf 86' lang='lat' dir='ltr'><strong>ipsemet</strong></span> <span class='ocrx_word' id='word_1_177' title='bbox 2723 2467 2742 2488; x_wconf 69' lang='lat'>⁸</span> 
     </span>
     <span class='ocr_line' id='line_1_22' title="bbox 508 2561 2696 2644; baseline 0 -19"><span class='ocrx_word' id='word_1_178' title='bbox 508 2569 769 2627; x_wconf 80' lang='lat' dir='ltr'><strong>testatur</strong></span> <span class='ocrx_word' id='word_1_179' title='bbox 797 2561 1133 2627; x_wconf 86' lang='lat' dir='ltr'><strong>Cinnamus</strong></span> <span class='ocrx_word' id='word_1_180' title='bbox 1168 2566 1212 2628; x_wconf 87' lang='lat' dir='ltr'><strong>l.</strong></span> <span class='ocrx_word' id='word_1_181' title='bbox 1238 2567 1271 2628; x_wconf 93' lang='lat'>1</span> <span class='ocrx_word' id='word_1_182' title='bbox 1320 2585 1374 2630; x_wconf 89' lang='lat' dir='ltr'><strong>c.</strong></span> <span class='ocrx_word' id='word_1_183' title='bbox 1402 2569 1460 2644; x_wconf 88' lang='lat'><strong>1,</strong></span> <span class='ocrx_word' id='word_1_184' title='bbox 1509 2586 1649 2628; x_wconf 88' lang='lat' dir='ltr'><strong>cum</strong></span> <span class='ocrx_word' id='word_1_185' title='bbox 1684 2565 1772 2628; x_wconf 88' lang='lat' dir='ltr'><strong>ait</strong></span> <span class='ocrx_word' id='word_1_186' title='bbox 1797 2564 2155 2630; x_wconf 72' lang='lat' dir='ltr'><strong>Manue‘lem</strong></span> <span class='ocrx_word' id='word_1_187' title='bbox 2179 2587 2290 2630; x_wconf 88' lang='lat' dir='ltr'><strong>sua</strong></span> <span class='ocrx_word' id='word_1_188' title='bbox 2330 2576 2531 2628; x_wconf 84' lang='lat' dir='ltr'><strong>aetate</strong></span> <span class='ocrx_word' id='word_1_189' title='bbox 2579 2561 2696 2626; x_wconf 88' lang='lat' dir='ltr'><strong>de-</strong></span> 
     </span>
     <span class='ocr_line' id='line_1_23' title="bbox 505 2667 2699 2755; baseline 0.002 -29"><span class='ocrx_word' id='word_1_190' title='bbox 505 2667 780 2728; x_wconf 79' lang='lat' dir='ltr'><strong>functum</strong></span> <span class='ocrx_word' id='word_1_191' title='bbox 799 2714 816 2743; x_wconf 91' lang='lat'>‚</span> <span class='ocrx_word' id='word_1_192' title='bbox 867 2668 1077 2730; x_wconf 89' lang='lat' dir='ltr'><strong>relicto</strong></span> <span class='ocrx_word' id='word_1_193' title='bbox 1105 2668 1236 2731; x_wconf 86' lang='lat' dir='ltr'><strong>filio</strong></span> <span class='ocrx_word' id='word_1_194' title='bbox 1266 2668 1606 2755; x_wconf 87' lang='lat' dir='ltr'><strong>impubere.</strong></span> <span class='ocrx_word' id='word_1_195' title='bbox 1705 2669 1866 2731; x_wconf 88' lang='lat' dir='ltr'><strong>hanc</strong></span> <span class='ocrx_word' id='word_1_196' title='bbox 1901 2681 2109 2733; x_wconf 89' lang='lat' dir='ltr'><strong>autem</strong></span> <span class='ocrx_word' id='word_1_197' title='bbox 2148 2690 2228 2753; x_wconf 75' lang='lat' dir='ltr'><strong>an</strong></span> <span class='ocrx_word' id='word_1_198' title='bbox 2267 2667 2601 2732; x_wconf 80' lang='lat' dir='ltr'><strong>absolverit</strong></span> <span class='ocrx_word' id='word_1_199' title='bbox 2630 2677 2699 2730; x_wconf 89' lang='lat' dir='ltr'><strong>et.</strong></span> 
     </span>
     <span class='ocr_line' id='line_1_24' title="bbox 506 2765 2696 2858; baseline 0.001 -29"><span class='ocrx_word' id='word_1_200' title='bbox 506 2766 590 2831; x_wconf 85' lang='lat' dir='ltr'><strong>ad</strong></span> <span class='ocrx_word' id='word_1_201' title='bbox 618 2768 928 2834; x_wconf 73' lang='lat' dir='ltr'><strong>Manue&#39;lis</strong></span> <span class='ocrx_word' id='word_1_202' title='bbox 973 2783 1240 2834; x_wconf 86' lang='lat' dir='ltr'><strong>mortem</strong></span> <span class='ocrx_word' id='word_1_203' title='bbox 1272 2792 1464 2834; x_wconf 89' lang='lat' dir='ltr'><strong>necne</strong></span> <span class='ocrx_word' id='word_1_204' title='bbox 1498 2765 1885 2858; x_wconf 79' lang='lat' dir='ltr'><strong>perduxerit,</strong></span> <span class='ocrx_word' id='word_1_205' title='bbox 1937 2774 2055 2836; x_wconf 88' lang='lat' dir='ltr'><strong>etsi</strong></span> <span class='ocrx_word' id='word_1_206' title='bbox 2080 2771 2328 2836; x_wconf 81' lang='lat' dir='ltr'><strong>videtur</strong></span> <span class='ocrx_word' id='word_1_207' title='bbox 2352 2771 2696 2857; x_wconf 77' lang='lat' dir='ltr'><strong>probabile,</strong></span> 
     </span>
     <span class='ocr_line' id='line_1_25' title="bbox 504 2872 2696 2960; baseline -0 -27"><span class='ocrx_word' id='word_1_208' title='bbox 504 2892 633 2933; x_wconf 86' lang='lat' dir='ltr'><strong>non</strong></span> <span class='ocrx_word' id='word_1_209' title='bbox 676 2882 885 2935; x_wconf 79' lang='lat' dir='ltr'><strong>tamen</strong></span> <span class='ocrx_word' id='word_1_210' title='bbox 928 2875 1183 2938; x_wconf 86' lang='lat' dir='ltr'><strong>omnino</strong></span> <span class='ocrx_word' id='word_1_211' title='bbox 1225 2872 1296 2936; x_wconf 92' lang='lat' dir='ltr'><strong>id</strong></span> <span class='ocrx_word' id='word_1_212' title='bbox 1338 2886 1605 2954; x_wconf 85' lang='lat' dir='ltr'><strong>constat,</strong></span> <span class='ocrx_word' id='word_1_213' title='bbox 1651 2896 2023 2960; x_wconf 86' lang='lat' dir='ltr'><strong>quamquam</strong></span> <span class='ocrx_word' id='word_1_214' title='bbox 2053 2876 2246 2939; x_wconf 79' lang='lat' dir='ltr'><strong>variis</strong></span> <span class='ocrx_word' id='word_1_215' title='bbox 2283 2875 2352 2937; x_wconf 91' lang='lat' dir='ltr'><strong>in</strong></span> <span class='ocrx_word' id='word_1_216' title='bbox 2381 2873 2564 2951; x_wconf 84' lang='lat' dir='ltr'><strong>locis,</strong></span> <span class='ocrx_word' id='word_1_217' title='bbox 2617 2892 2696 2950; x_wconf 73' lang='lat' dir='ltr'><strong>aq</strong></span> 
     </span>
     <span class='ocr_line' id='line_1_26' title="bbox 501 2974 2694 3062; baseline 0.002 -27"><span class='ocrx_word' id='word_1_218' title='bbox 501 2976 865 3060; x_wconf 85' lang='lat' dir='ltr'><strong>praesertim</strong></span> <span class='ocrx_word' id='word_1_219' title='bbox 883 2998 943 3061; x_wconf 86' lang='lat' dir='ltr'><strong>p.</strong></span> <span class='ocrx_word' id='word_1_220' title='bbox 983 2976 1138 3055; x_wconf 88' lang='lat'><strong>150,</strong></span> <span class='ocrx_word' id='word_1_221' title='bbox 1179 2978 1286 3039; x_wconf 89' lang='lat' dir='ltr'><strong>ubi</strong></span> <span class='ocrx_word' id='word_1_222' title='bbox 1327 2975 1408 3040; x_wconf 88' lang='lat' dir='ltr'><strong>de</strong></span> <span class='ocrx_word' id='word_1_223' title='bbox 1444 2977 1664 3042; x_wconf 81' lang='lat' dir='ltr'><strong>Alexio</strong></span> <span class='ocrx_word' id='word_1_224' title='bbox 1695 2978 2001 3041; x_wconf 68' lang='lat' dir='ltr'><strong>manuelis</strong></span> <span class='ocrx_word' id='word_1_225' title='bbox 2037 2978 2169 3042; x_wconf 86' lang='lat' dir='ltr'><strong>filio</strong></span> <span class='ocrx_word' id='word_1_226' title='bbox 2219 2974 2524 3062; x_wconf 89' lang='lat' dir='ltr'><strong>quaedam</strong></span> <span class='ocrx_word' id='word_1_227' title='bbox 2556 2996 2592 3037; x_wconf 84' lang='lat' dir='ltr'><strong>a</strong></span> <span class='ocrx_word' id='word_1_228' title='bbox 2619 2996 2694 3039; x_wconf 90' lang='lat' dir='ltr'><strong>se</strong></span> 
     </span>
     <span class='ocr_line' id='line_1_27' title="bbox 502 3074 2690 3168; baseline 0.001 -28"><span class='ocrx_word' id='word_1_229' title='bbox 502 3074 764 3140; x_wconf 89' lang='lat' dir='ltr'><strong>dicenda</strong></span> <span class='ocrx_word' id='word_1_230' title='bbox 808 3091 870 3142; x_wconf 86' lang='lat' dir='ltr'><strong>et</strong></span> <span class='ocrx_word' id='word_1_231' title='bbox 910 3077 1246 3144; x_wconf 79' lang='lat' dir='ltr'><strong>enarranda</strong></span> <span class='ocrx_word' id='word_1_232' title='bbox 1290 3083 1615 3168; x_wconf 85' lang='lat' dir='ltr'><strong>proponit,</strong></span> <span class='ocrx_word' id='word_1_233' title='bbox 1673 3102 1830 3166; x_wconf 87' lang='lat' dir='ltr'><strong>quae</strong></span> <span class='ocrx_word' id='word_1_234' title='bbox 1869 3083 1936 3145; x_wconf 90' lang='lat' dir='ltr'><strong>in</strong></span> <span class='ocrx_word' id='word_1_235' title='bbox 1972 3078 2201 3148; x_wconf 84' lang='lat' dir='ltr'><strong>Codice</strong></span> <span class='ocrx_word' id='word_1_236' title='bbox 2227 3081 2529 3143; x_wconf 84' lang='lat' dir='ltr'><strong>Vaticano</strong></span> <span class='ocrx_word' id='word_1_237' title='bbox 2560 3100 2690 3142; x_wconf 90' lang='lat' dir='ltr'><strong>non</strong></span> 
     </span>
     <span class='ocr_line' id='line_1_28' title="bbox 501 3182 2684 3271; baseline -0 -28"><span class='ocrx_word' id='word_1_238' title='bbox 501 3191 766 3246; x_wconf 80' lang='lat' dir='ltr'><strong>exstant.</strong></span> <span class='ocrx_word' id='word_1_239' title='bbox 867 3193 1194 3268; x_wconf 86' lang='lat' dir='ltr'><strong>utcumque</strong></span> <span class='ocrx_word' id='word_1_240' title='bbox 1221 3185 1332 3262; x_wconf 89' lang='lat' dir='ltr'><strong>sit,</strong></span> <span class='ocrx_word' id='word_1_241' title='bbox 1373 3186 1515 3247; x_wconf 87' lang='lat' dir='ltr'><strong>libri</strong></span> <span class='ocrx_word' id='word_1_242' title='bbox 1547 3185 1881 3271; x_wconf 84' lang='lat' dir='ltr'><strong>epigraphe</strong></span> <span class='ocrx_word' id='word_1_243' title='bbox 1904 3185 1992 3247; x_wconf 89' lang='lat' dir='ltr'><strong>ita</strong></span> <span class='ocrx_word' id='word_1_244' title='bbox 2020 3184 2386 3271; x_wconf 85' lang='lat' dir='ltr'><strong>concipitur,</strong></span> <span class='ocrx_word' id='word_1_245' title='bbox 2438 3194 2507 3245; x_wconf 88' lang='lat' dir='ltr'><strong>ut</strong></span> <span class='ocrx_word' id='word_1_246' title='bbox 2532 3182 2684 3258; x_wconf 76' lang='lat' dir='ltr'><strong>vivo</strong></span> 
     </span>
     <span class='ocr_line' id='line_1_29' title="bbox 500 3281 2684 3374; baseline 0.002 -29"><span class='ocrx_word' id='word_1_247' title='bbox 500 3281 701 3345; x_wconf 87' lang='lat' dir='ltr'><strong>adhuc</strong></span> <span class='ocrx_word' id='word_1_248' title='bbox 732 3283 1054 3364; x_wconf 72' lang='lat' dir='ltr'><strong>Manue&#39;le,</strong></span> <span class='ocrx_word' id='word_1_249' title='bbox 1111 3306 1181 3348; x_wconf 86' lang='lat' dir='ltr'><strong>ac</strong></span> <span class='ocrx_word' id='word_1_250' title='bbox 1223 3284 1452 3350; x_wconf 87' lang='lat' dir='ltr'><strong>nedum</strong></span> <span class='ocrx_word' id='word_1_251' title='bbox 1494 3288 1797 3351; x_wconf 83' lang='lat' dir='ltr'><strong>exstincto</strong></span> <span class='ocrx_word' id='word_1_252' title='bbox 1843 3285 2128 3352; x_wconf 77' lang='lat' dir='ltr'><strong>videatur</strong></span> <span class='ocrx_word' id='word_1_253' title='bbox 2174 3287 2489 3374; x_wconf 86' lang='lat' dir='ltr'><strong>apposita,</strong></span> <span class='ocrx_word' id='word_1_254' title='bbox 2541 3303 2684 3350; x_wconf 83' lang='lat' dir='ltr'><strong>cum</strong></span> 
     </span>
     <span class='ocr_line' id='line_1_30' title="bbox 492 3382 2685 3476; baseline 0.001 -28"><span class='ocrx_word' id='word_1_255' title='bbox 492 3382 822 3468; x_wconf 81' lang='grc' dir='ltr'><em>Ἐπιτομὴν</em></span> <span class='ocrx_word' id='word_1_256' title='bbox 852 3409 1056 3452; x_wconf 88' lang='lat' dir='ltr'><strong>rerum</strong></span> <span class='ocrx_word' id='word_1_257' title='bbox 1080 3390 1158 3453; x_wconf 85' lang='lat' dir='ltr'><strong>ab</strong></span> <span class='ocrx_word' id='word_1_258' title='bbox 1188 3389 1420 3454; x_wconf 88' lang='lat' dir='ltr'><strong>Ioanne</strong></span> <span class='ocrx_word' id='word_1_259' title='bbox 1432 3390 1595 3476; x_wconf 66' lang='lat' dir='ltr'><strong>imp.</strong></span> <span class='ocrx_word' id='word_1_260' title='bbox 1632 3412 1826 3476; x_wconf 86' lang='lat' dir='ltr'><strong>nuper</strong></span> <span class='ocrx_word' id='word_1_261' title='bbox 1859 3391 2005 3454; x_wconf 83' lang='lat' dir='ltr'><strong>fatis</strong></span> <span class='ocrx_word' id='word_1_262' title='bbox 2033 3393 2240 3454; x_wconf 78' lang='lat' dir='ltr'><strong>functo</strong></span> <span class='ocrx_word' id='word_1_263' title='bbox 2281 3400 2588 3470; x_wconf 85' lang='lat' dir='ltr'><strong>gestarum</strong></span> <span class='ocrx_word' id='word_1_264' title='bbox 2620 3397 2685 3452; x_wconf 84' lang='lat' dir='ltr'><strong>et</strong></span> 
     </span>
     <span class='ocr_line' id='line_1_31' title="bbox 495 3486 2682 3562; baseline -0 -10"><span class='ocrx_word' id='word_1_265' title='bbox 495 3486 806 3554; x_wconf 54' lang='lat' dir='ltr'><strong>mannetis</strong></span> <span class='ocrx_word' id='word_1_266' title='bbox 827 3489 1080 3555; x_wconf 85' lang='lat' dir='ltr'><strong>Ioannis</strong></span> <span class='ocrx_word' id='word_1_267' title='bbox 1109 3494 1222 3556; x_wconf 84' lang='lat' dir='ltr'><strong>sslii</strong></span> <span class='ocrx_word' id='word_1_268' title='bbox 1247 3493 1572 3557; x_wconf 84' lang='lat' dir='ltr'><strong>historiam</strong></span> <span class='ocrx_word' id='word_1_269' title='bbox 1599 3491 1832 3556; x_wconf 89' lang='lat' dir='ltr'><strong>dicatur</strong></span> <span class='ocrx_word' id='word_1_270' title='bbox 1855 3495 2187 3562; x_wconf 87' lang='lat' dir='ltr'><strong>continere.</strong></span> <span class='ocrx_word' id='word_1_271' title='bbox 2285 3513 2432 3555; x_wconf 86' lang='lat' dir='ltr'><strong>nam</strong></span> <span class='ocrx_word' id='word_1_272' title='bbox 2457 3492 2514 3555; x_wconf 87' lang='lat' dir='ltr'><strong>si</strong></span> <span class='ocrx_word' id='word_1_273' title='bbox 2537 3489 2682 3553; x_wconf 87' lang='lat' dir='ltr'><strong>Ma-</strong></span> 
     </span>
     <span class='ocr_line' id='line_1_32' title="bbox 492 3591 2682 3675; baseline 0.003 -21"><span class='ocrx_word' id='word_1_274' title='bbox 492 3591 642 3654; x_wconf 71' lang='lat' dir='ltr'><strong>nn&#39;el</strong></span> <span class='ocrx_word' id='word_1_275' title='bbox 679 3604 814 3656; x_wconf 80' lang='lat' dir='ltr'><strong>tum</strong></span> <span class='ocrx_word' id='word_1_276' title='bbox 854 3593 1112 3660; x_wconf 75' lang='lat' dir='ltr'><strong>vivendi</strong></span> <span class='ocrx_word' id='word_1_277' title='bbox 1151 3597 1341 3659; x_wconf 86' lang='lat' dir='ltr'><strong>finem</strong></span> <span class='ocrx_word' id='word_1_278' title='bbox 1379 3598 1659 3675; x_wconf 86' lang='lat' dir='ltr'><strong>fecisset,</strong></span> <span class='ocrx_word' id='word_1_279' title='bbox 1710 3618 1849 3659; x_wconf 88' lang='lat' dir='ltr'><strong>cum</strong></span> <span class='ocrx_word' id='word_1_280' title='bbox 1871 3597 2199 3660; x_wconf 82' lang='lat' dir='ltr'><strong>historiam</strong></span> <span class='ocrx_word' id='word_1_281' title='bbox 2226 3595 2521 3674; x_wconf 75' lang='lat' dir='ltr'><strong>absolvit,</strong></span> <span class='ocrx_word' id='word_1_282' title='bbox 2575 3603 2682 3660; x_wconf 82' lang='lat' dir='ltr'><strong>aut</strong></span> 
     </span>
     <span class='ocr_line' id='line_1_33' title="bbox 492 3694 2679 3785; baseline 0.002 -30"><span class='ocrx_word' id='word_1_283' title='bbox 492 3694 661 3757; x_wconf 88' lang='lat' dir='ltr'><strong>illius</strong></span> <span class='ocrx_word' id='word_1_284' title='bbox 706 3697 947 3760; x_wconf 89' lang='lat' dir='ltr'><strong>titulum</strong></span> <span class='ocrx_word' id='word_1_285' title='bbox 982 3696 1307 3785; x_wconf 85' lang='lat' dir='ltr'><strong>adscripsit</strong></span> <span class='ocrx_word' id='word_1_286' title='bbox 1351 3697 1721 3779; x_wconf 89' lang='lat' dir='ltr'><strong>Cinnamus,</strong></span> <span class='ocrx_word' id='word_1_287' title='bbox 1772 3722 1896 3762; x_wconf 87' lang='lat' dir='ltr'><strong>non</strong></span> <span class='ocrx_word' id='word_1_288' title='bbox 1935 3711 2066 3762; x_wconf 87' lang='lat' dir='ltr'><strong>tam</strong></span> <span class='ocrx_word' id='word_1_289' title='bbox 2102 3699 2437 3775; x_wconf 83' lang='lat' dir='ltr'><strong>Ioannem,</strong></span> <span class='ocrx_word' id='word_1_290' title='bbox 2491 3716 2679 3782; x_wconf 85' lang='lat' dir='ltr'><strong>quam</strong></span> 
     </span>
     <span class='ocr_line' id='line_1_34' title="bbox 489 3795 2678 3888; baseline 0.001 -28"><span class='ocrx_word' id='word_1_291' title='bbox 489 3795 847 3863; x_wconf 57' lang='lat' dir='ltr'><strong>manualem</strong></span> <span class='ocrx_word' id='word_1_292' title='bbox 875 3801 1215 3884; x_wconf 77' lang='grc' dir='ltr'><strong><em>μακαρίτην</em></strong></span> <span class='ocrx_word' id='word_1_293' title='bbox 1239 3799 1642 3888; x_wconf 69' lang='lat' dir='ltr'><strong>appellassbt3</strong></span> <span class='ocrx_word' id='word_1_294' title='bbox 1685 3803 1886 3866; x_wconf 89' lang='lat' dir='ltr'><strong>solent</strong></span> <span class='ocrx_word' id='word_1_295' title='bbox 1916 3803 2083 3866; x_wconf 89' lang='lat' dir='ltr'><strong>enim</strong></span> <span class='ocrx_word' id='word_1_296' title='bbox 2112 3801 2334 3867; x_wconf 88' lang='lat' dir='ltr'><strong>Graeci</strong></span> <span class='ocrx_word' id='word_1_297' title='bbox 2363 3801 2535 3863; x_wconf 77' lang='lat' dir='ltr'><strong>viros</strong></span> <span class='ocrx_word' id='word_1_298' title='bbox 2558 3821 2678 3885; x_wconf 89' lang='lat' dir='ltr'><strong>po-</strong></span> 
     </span>
     <span class='ocr_line' id='line_1_35' title="bbox 488 3900 2677 3992; baseline 0.001 -30"><span class='ocrx_word' id='word_1_299' title='bbox 488 3900 804 3963; x_wconf 88' lang='lat' dir='ltr'><strong>tissimum</strong></span> <span class='ocrx_word' id='word_1_300' title='bbox 840 3901 1139 3982; x_wconf 84' lang='lat' dir='ltr'><strong>illustres,</strong></span> <span class='ocrx_word' id='word_1_301' title='bbox 1192 3905 1297 3988; x_wconf 87' lang='lat' dir='ltr'><strong>qui</strong></span> <span class='ocrx_word' id='word_1_302' title='bbox 1326 3903 1491 3968; x_wconf 84' lang='lat' dir='ltr'><strong>haud</strong></span> <span class='ocrx_word' id='word_1_303' title='bbox 1519 3905 1610 3968; x_wconf 88' lang='lat' dir='ltr'><strong>ita</strong></span> <span class='ocrx_word' id='word_1_304' title='bbox 1639 3904 1881 3992; x_wconf 87' lang='lat' dir='ltr'><strong>pridem</strong></span> <span class='ocrx_word' id='word_1_305' title='bbox 1912 3903 2337 3982; x_wconf 88' lang='lat' dir='ltr'><strong>decesserunt,</strong></span> <span class='ocrx_word' id='word_1_306' title='bbox 2391 3907 2513 3968; x_wconf 79' lang='grc' dir='ltr'><strong>τῶν</strong></span> <span class='ocrx_word' id='word_1_307' title='bbox 2551 3926 2677 3982; x_wconf 87' lang='grc' dir='ltr'><strong>μα-</strong></span> 
     </span>
     <span class='ocr_line' id='line_1_36' title="bbox 488 4004 2673 4090; baseline -0.001 -25"><span class='ocrx_word' id='word_1_308' title='bbox 488 4007 751 4086; x_wconf 76' lang='grc' dir='ltr'><strong><em>κᾳριτῶν</em></strong></span> <span class='ocrx_word' id='word_1_309' title='bbox 804 4006 1212 4090; x_wconf 85' lang='lat' dir='ltr'><strong>appellatione</strong></span> <span class='ocrx_word' id='word_1_310' title='bbox 1264 4004 1524 4087; x_wconf 87' lang='lat' dir='ltr'><strong>donare,</strong></span> <span class='ocrx_word' id='word_1_311' title='bbox 1595 4020 1664 4070; x_wconf 88' lang='lat' dir='ltr'><strong>ut</strong></span> <span class='ocrx_word' id='word_1_312' title='bbox 1709 4030 1791 4072; x_wconf 85' lang='lat' dir='ltr'><strong>ex</strong></span> <span class='ocrx_word' id='word_1_313' title='bbox 1820 4008 2085 4090; x_wconf 86' lang='lat' dir='ltr'><strong>Synesio</strong></span> <span class='ocrx_word' id='word_1_314' title='bbox 2123 4019 2188 4071; x_wconf 88' lang='lat' dir='ltr'><strong>et</strong></span> <span class='ocrx_word' id='word_1_315' title='bbox 2220 4008 2364 4070; x_wconf 85' lang='lat' dir='ltr'><strong>aliis</strong></span> <span class='ocrx_word' id='word_1_316' title='bbox 2403 4014 2673 4068; x_wconf 81' lang='lat' dir='ltr'><strong>constat:</strong></span> 
     </span>
     <span class='ocr_line' id='line_1_37' title="bbox 487 4105 2673 4196; baseline -0 -30"><span class='ocrx_word' id='word_1_317' title='bbox 487 4105 1009 4190; x_wconf 86' lang='lat' dir='ltr'><strong>quemadmodum</strong></span> <span class='ocrx_word' id='word_1_318' title='bbox 1032 4110 1296 4172; x_wconf 82' lang='lat' dir='ltr'><strong>seminas</strong></span> <span class='ocrx_word' id='word_1_319' title='bbox 1324 4112 1661 4174; x_wconf 85' lang='lat' dir='ltr'><strong>nobiliores</strong></span> <span class='ocrx_word' id='word_1_320' title='bbox 1689 4115 1810 4175; x_wconf 77' lang='grc' dir='ltr'><strong>τῶν</strong></span> <span class='ocrx_word' id='word_1_321' title='bbox 1829 4111 2280 4196; x_wconf 72' lang='grc' dir='ltr'><strong><em>μακαριτίδωνς</em></strong></span> <span class='ocrx_word' id='word_1_322' title='bbox 2320 4129 2504 4195; x_wconf 86' lang='lat' dir='ltr'><strong>quam</strong></span> <span class='ocrx_word' id='word_1_323' title='bbox 2532 4105 2673 4167; x_wconf 88' lang='lat' dir='ltr'><strong>ulti-</strong></span> 
     </span>
     <span class='ocr_line' id='line_1_38' title="bbox 484 4210 2674 4302; baseline 0.001 -32"><span class='ocrx_word' id='word_1_324' title='bbox 484 4227 658 4271; x_wconf 76' lang='lat' dir='ltr'><strong>mam</strong></span> <span class='ocrx_word' id='word_1_325' title='bbox 682 4229 905 4273; x_wconf 78' lang='lat' dir='ltr'><strong>vocem</strong></span> <span class='ocrx_word' id='word_1_326' title='bbox 926 4222 1220 4298; x_wconf 84' lang='lat' dir='ltr'><strong>usurpant</strong></span> <span class='ocrx_word' id='word_1_327' title='bbox 1247 4210 1419 4278; x_wconf 91' lang='lat' dir='ltr'><strong>idem</strong></span> <span class='ocrx_word' id='word_1_328' title='bbox 1447 4213 1750 4296; x_wconf 75' lang='lat' dir='ltr'><strong>synesius</strong></span> <span class='ocrx_word' id='word_1_329' title='bbox 1774 4213 2034 4302; x_wconf 84' lang='lat' dir='ltr'><strong>epistola</strong></span> <span class='ocrx_word' id='word_1_330' title='bbox 2059 4211 2145 4277; x_wconf 84' lang='lat'><strong>44</strong></span> <span class='ocrx_word' id='word_1_331' title='bbox 2189 4226 2254 4280; x_wconf 89' lang='lat' dir='ltr'><strong>et</strong></span> <span class='ocrx_word' id='word_1_332' title='bbox 2265 4212 2674 4294; x_wconf 80' lang='lat' dir='ltr'><strong>Pachymeres</strong></span> 
     </span>
     <span class='ocr_line' id='line_1_39' title="bbox 482 4305 1023 4377; baseline 0.007 -4"><span class='ocrx_word' id='word_1_333' title='bbox 482 4310 528 4373; x_wconf 87' lang='lat' dir='ltr'><strong>l.</strong></span> <span class='ocrx_word' id='word_1_334' title='bbox 553 4307 595 4376; x_wconf 83' lang='lat'>4</span> <span class='ocrx_word' id='word_1_335' title='bbox 640 4332 694 4375; x_wconf 86' lang='lat' dir='ltr'><strong>c.</strong></span> <span class='ocrx_word' id='word_1_336' title='bbox 718 4314 826 4377; x_wconf 78' lang='lat'><strong>23.</strong></span> <span class='ocrx_word' id='word_1_337' title='bbox 858 4327 859 4330; x_wconf 73' lang='grc'>’</span> <span class='ocrx_word' id='word_1_338' title='bbox 1014 4305 1023 4310; x_wconf 65' lang='grc'><strong>’</strong></span> 
     </span>
    </p>
   </div>
  </div>
 </body>
</html>
