3064 4890
607 323 753 397 318
1287 323 1599 394 GAROLI
1645 325 1769 394 DU
1816 321 2140 395 FRESNE

603 488 901 552 Chronico
940 488 1306 552 Malleacensi
1348 487 1419 553 A.
1452 491 1656 566 1099,
1696 488 1868 550 cuius
1907 507 2004 549 rea
2037 498 2231 570 gestas
2268 489 2454 553 fusius
2490 493 2806 573 prosequi-

604 596 744 637 mur
763 578 828 637 in
854 576 1101 638 laudato
1129 593 1307 656 opere
1338 575 1413 634 de
1437 574 1646 635 Famil.
1672 574 1955 639 Oriental.
1999 575 2236 635 interim
2257 576 2359 637 hic
2388 578 2808 640 adnotandum

604 662 803 738 venit,
874 682 999 721 non
1051 663 1234 721 solius
1274 660 1574 721 duntaxat
1609 661 2093 740 peregrinationis
2133 663 2393 739 intuitu,
2456 664 2623 742 quod
2667 666 2809 725 vult

602 748 956 823 Cinnamus,
1018 746 1086 805 in
1123 746 1361 826 Syriam
1410 746 1749 826 profectum
1800 746 2202 807 Raimuudum
2226 791 2246 821 ‚
2310 749 2418 809 sed
2460 770 2494 810 a
2534 749 2806 810 Fulcone

600 832 1141 911 Hierosolymitano
1163 850 1334 911 rege,
1386 831 1483 889 cui
1511 830 1751 890 iunctus
1784 840 1916 892 erat
1946 832 2263 910 affinitate,
2312 834 2390 895 ad
2419 833 2810 895 Constantine

600 917 843 997 nuptias
887 925 1223 981 evocatum.
1308 916 1396 976 ita
1443 917 1602 976 enim
1651 916 1870 977 disme
1909 917 2125 998 Tyrius
2172 919 2217 983 l.
2266 919 2343 983 14
2395 939 2451 981 c.
2492 923 2535 985 9
2575 930 2640 980 et
2683 925 2807 998 20,

602 1002 878 1062 willelm.
909 1003 1193 1063 Gemetic.
1221 1002 1261 1061 l.
1284 1005 1327 1067 7
1354 1022 1403 1062 c.
1427 1002 1531 1081 48,
1583 1000 1770 1062 Math.
1798 1002 1982 1066 Paris.
2010 1001 2079 1062 A.
2108 1008 2275 1069 1182
2304 1013 2364 1065 et
2392 1005 2688 1066 Robertus
2725 1006 2809 1064 de

601 1086 807 1148 Monte
837 1086 906 1150 A.
938 1092 1124 1153 1180.
1207 1096 1372 1147 errat
1405 1107 1592 1167 porro
1631 1097 1766 1148 toto
1809 1087 1969 1148 caelo
1999 1088 2352 1171 Cinnamus,
2392 1090 2499 1170 qui
2524 1091 2809 1152 Pictones

601 1171 820 1233 statuit
848 1172 927 1233 ad
954 1171 1152 1233 sinum
1179 1172 1433 1233 Ionium.

771 1277 835 1337 P·
871 1264 955 1326 17
984 1278 1048 1319 V·
1089 1263 1195 1324 22·
1279 1254 1600 1337 πλίνθοις]
1656 1255 1902 1316 Νίοσῑ.
1882 1277 1946 1315 ιιι
1983 1256 2145 1324 lom.
2188 1278 2253 1317 n.
2300 1262 2374 1323 7·
2437 1256 2808 1344 παραπετό-

602 1360 799 1425 σματα
818 1342 924 1406 καὶ
953 1340 1342 1426 ἱμαντιίμαια
1365 1341 1433 1408 lx
1461 1343 1735 1422 πηλίνων
1758 1343 2059 1405 πλίνθων.

769 1449 834 1509 Ρ.
862 1432 940 1494 18
969 1449 1034 1494 v,
1060 1427 1124 1495 4.
1208 1426 1622 1507 Βαλδουῖνος]
1680 1427 1803 1501 Qui
1826 1427 2120 1488 Willelmo
2145 1427 2329 1508 Tyrio
2358 1428 2402 1489 l.
2426 1432 2508 1495 16
2533 1449 2584 1490 c.
2620 1428 2705 1495 14
2738 1438 2806 1490 et

604 1518 687 1580 16
727 1512 1094 1573 Balduinus
1133 1511 1209 1573 de
1250 1516 1457 1574 Mares
1497 1521 1919 1593 nuncupatur,
1975 1516 2104 1592 vir,
2156 1513 2355 1592 inquit
2395 1513 2526 1592 ille,
2567 1515 2807 1574 nobilis

598 1610 656 1658 et
663 1610 908 1680 potens
948 1619 1009 1660 v.
1045 1599 1203 1659 iufra
1226 1619 1289 1703 Ρ.
1328 1597 1475 1665 284.
1519 1597 1597 1658 de
1628 1598 1878 1658 Marasia
1904 1598 2032 1658 dixi
2062 1598 2143 1658 ad
2167 1599 2398 1658 Annam
2422 1619 2480 1679 p.
2505 1597 2655 1666 884.

764 1704 828 1748 v.
866 1688 929 1750 9.
1014 1677 1488 1767 Μουντᾶφαρα]
1542 1683 1906 1744 Praesidium
1957 1684 2026 1744 in
2071 1685 2357 1745 comitatu
2403 1683 2806 1766 Tripolitano,

597 1769 696 1829 cui
723 1788 943 1830 nomeu
971 1770 1154 1829 Mon-⁹
1181 1767 1566 1848 Fermndue,
1624 1768 1710 1829 ait
1731 1769 1948 1849 Tyrius
1977 1768 2019 1832 l.
2056 1767 2134 1835 14
2170 1790 2221 1830 c.
2250 1774 2293 1834 6
2328 1769 2412 1835 26
2448 1779 2510 1829 et
2532 1775 2647 1848 26,
2689 1772 2805 1830 ubi

596 1872 728 1915 eam
773 1874 902 1915 rem
943 1863 1205 1915 enarrat.
1329 1854 1654 1914 Cinnamus
1712 1855 2008 1933 expressit
2045 1854 2338 1915 Gallicum
2364 1857 2803 1934 Montferrant.

594 1939 934 2001 Brocardus
957 1940 1023 1999 in
1046 1939 1324 2019 descript.
1382 1938 1602 1999 Terrae
1630 1941 1884 1999 Sanctae
1911 1949 2171 2019 quatuor
2195 1941 2269 2001 ab
2295 1940 2620 2001 Acconensi
2646 1942 2802 2002 civi·

593 2034 724 2085 tate
751 2025 1024 2085 dissitum
1041 2025 1224 2085 leucis
1248 2025 1448 2085 refert.
1492 2023 1649 2085 adde
1680 2027 1978 2086 Sanutum
2006 2024 2050 2089 l.
2083 2032 2122 2092 8
2147 2035 2308 2107 part.
2331 2029 2373 2092 6
2403 2046 2455 2087 c.
2485 2028 2566 2094 16
2595 2035 2660 2086 et
2689 2033 2799 2104 16,

593 2119 656 2170 et
684 2111 954 2172 Vincent.
976 2111 1208 2171 Beluae.
1235 2110 1277 2170 l.
1301 2114 1379 2175 81
1411 2112 1579 2191 Spec.
1607 2109 1763 2171 Hist.
1785 2130 1840 2174 c.
1875 2109 2018 2175 144.

758 2217 819 2297 Ρ.
852 2201 931 2263 19
968 2216 1031 2260 ν.
1061 2200 1118 2262 6.
1202 2189 1311 2274 ἔφ’
1355 2188 1450 2270 οἷς
1490 2195 1751 2277 εἴρηται]
1796 2196 1979 2255 Pacta
2016 2195 2175 2256 inter
2217 2200 2502 2257 Ioannem
2539 2196 2687 2277 imp.
2730 2205 2797 2258 et

586 2281 918 2363 principem
948 2279 1383 2341 Antiochenum
1419 2282 1609 2341 refert
1636 2279 1863 2361 pariter
1896 2280 2115 2362 Tyrius
2154 2281 2195 2341 l.
2240 2282 2318 2346 14
2362 2301 2413 2341 c.
2437 2286 2558 2353 80,
2618 2290 2691 2341 ιιι
2731 2291 2797 2342 et

586 2367 912 2428 ordericus
938 2365 1148 2431 Vitalis
1176 2367 1218 2433 l.
1256 2370 1332 2431 18
1368 2386 1432 2447 Ρ.
1464 2367 1592 2432 914
1626 2375 1688 2426 et
1716 2365 1878 2443 915,
1939 2365 2044 2426 ubi
2080 2364 2300 2425 bellum
2343 2366 2793 2428 Antiochenam

582 2454 858 2536 pluribus
901 2452 1266 2532 exsequitur.
1351 2472 1544 2532 porro
1594 2451 1662 2512 id
1695 2452 2068 2532 potissimum
2109 2452 2579 2532 observandum,
2635 2454 2793 2515 inito

580 2539 917 2601 manuelem
951 2540 1112 2600 inter
1148 2548 1212 2598 et
1249 2537 1654 2598 Raimundum
1698 2537 1968 2616 foedere,
2026 2537 2443 2619 imperatorem
2473 2540 2539 2598 in
2564 2539 2793 2599 Antio-

581 2624 776 2685 cheno
813 2634 1014 2686 tractu
1058 2622 1349 2684 vicarium
1393 2643 1501 2682 seu
1531 2623 1895 2704 praefectum
1925 2623 2326 2702 constituisse,
2385 2624 2488 2703 qui
2521 2644 2635 2685 suo
2665 2646 2789 2685 no-

579 2711 742 2771 mine
755 2755 772 2787 ‚
817 2729 969 2789 quae
1004 2709 1084 2771 ad
1126 2725 1474 2789 supremum
1515 2708 1745 2788 imperii
1783 2708 1878 2768 ius
1914 2716 2282 2789 spectarent,
2325 2720 2788 2789 exsequeretur:

580 2796 686 2874 qui
712 2795 953 2875 quidem
981 2795 1318 2874 praefectus
1345 2792 1528 2853 ducis
1549 2792 1924 2853 Antiochiae
1965 2793 2147 2854 titulo
2192 2804 2260 2854 et
2304 2794 2593 2876 dignitate
2629 2816 2789 2876 gau-

581 2880 763 2940 debat
776 2921 795 2949 ,
840 2879 1089 2960 perinde
1128 2899 1198 2938 ac
1241 2877 1502 2939 eiusdem
1531 2878 1874 2959 provinciae
1899 2880 2185 2959 praefecti
2217 2889 2356 2940 ante
2383 2891 2785 2961 expugnatam

578 2984 616 3024 a
652 2964 862 3026 Turcis
899 2963 1293 3024 Antiochiam.
1406 2972 1569 3024 certe
1608 2963 1724 3024 hac
1761 2964 2047 3043 dignitate
2092 2965 2350 3026 donatus
2394 2966 2611 3047 legitur
2650 2969 2776 3027 Leo

575 3050 936 3130 Maiopolue
971 3050 1038 3109 in
1078 3049 1401 3131 diplomate
1440 3048 1763 3110 Raimundi
1791 3049 2089 3110 Pictaviui
2121 3051 2403 3132 principis
2429 3051 2779 3112 Antiochiae

580 3144 644 3194 et
669 3135 1050 3196 Constantiae
1073 3135 1287 3195 uxoris
1311 3155 1391 3195 m.
1417 3133 1590 3215 April
1616 3133 1690 3194 A.
1719 3132 1883 3200 1140
1914 3132 2040 3194 ind..
2071 3138 2144 3212 8,
2187 3136 2353 3216 quod
2377 3137 2478 3197 ille
2511 3138 2777 3198 subscri-

576 3219 708 3295 bit,
752 3230 1062 3300 exstatque
1095 3220 1159 3280 in
1195 3219 1513 3281 'rabulatio
1543 3222 1603 3280 S.
1633 3218 1904 3299 sepulcri
1938 3219 2229 3282 Hierosol.
2275 3231 2337 3281 et
2381 3222 2446 3282 in
2489 3223 2604 3283 alio
2628 3220 2772 3283 Rai-

578 3304 745 3367 naldi
772 3305 1124 3369 Antiocheui
1160 3305 1440 3386 principis
1483 3313 1546 3364 et
1580 3305 1788 3364 uxoria
1819 3305 2196 3365 Constantine
2229 3306 2345 3372 An.
2369 3307 2566 3383 1164,
2610 3306 2775 3388 quod

575 3393 841 3453 refertur
872 3392 947 3452 ab
974 3390 1270 3471 Ughello'
1250 3411 1317 3450 ιιι
1343 3388 1796 3469 archiepiscopis
1825 3390 2049 3450 Pisanis
2083 3410 2143 3470 Ρ.
2166 3389 2325 3469 464,
2380 3392 2448 3452 in
2485 3412 2608 3472 quo
2634 3393 2771 3472 qni..

576 3476 715 3538 dem
749 3477 1071 3559 diplomate
1100 3474 1228 3537 Leo
1253 3476 1611 3555 Maiopolue
1635 3474 1765 3534 dux
1789 3482 2022 3535 tantum
2054 3474 2291 3538 dicitur.

743 3581 806 3623 v.
828 3568 892 3629 7.
980 3559 1112 3625 Φαέ
1111 3560 1269 3644 ριοι]
1310 3561 1405 3620 Ita
1434 3559 1620 3621 editio
1650 3561 1945 3640 Tolliana3
1988 3559 2097 3620 aed
2128 3580 2304 3622 nemo
2326 3580 2456 3622 non
2477 3562 2644 3623 videt
2672 3561 2767 3622 le-

481 3700 503 3722 ,
556 3646 850 3727 gendum,
896 3646 1160 3731 Φρέριοι.
1244 3646 1328 3706 sic
1347 3666 1532 3727 porro
1561 3645 1833 3706 Nicetes
1814 3664 1878 3705 m
1903 3645 2172 3707 Andron.
2199 3647 2238 3706 l.
2264 3652 2294 3712 1
2331 3666 2391 3706 n.
2417 3647 2489 3723 4,
2535 3646 2765 3728 Pachy-

568 3752 760 3794 meres
802 3732 911 3800 1.5
958 3734 1338 3810 o.8et11‚
1394 3730 1505 3796 1.6
1550 3733 1750 3809 α14,
1802 3732 2165 3831 Gregorasl.
2206 3732 2279 3809 6,
2323 3732 2765 3793 Cautacuzeuua

567 3816 615 3883 l.
640 3824 684 3884 2
722 3837 774 3879 c.
814 3822 894 3883 12
935 3826 994 3876 et
1032 3817 1272 3877 Μιιιιιὲἱ
1306 3816 1558 3877 Palaeol.
1595 3816 1737 3896 imp.
1789 3816 1956 3877 Orat.
2004 3816 2072 3876 in
2110 3815 2499 3878 Theodorum
2537 3819 2756 3897 despot-

566 3903 785 3962 milites
818 3902 1063 3962 militiae
1100 3900 1340 3982 templi,
1399 3909 1507 3962 aut
1551 3900 1858 3982 hospitalia
1887 3900 2413 3982 Hierosolymitani
2452 3900 2759 3986 appellant,

566 4005 647 4046 ex
662 3987 903 4065 Gallico,
941 3990 1171 4066 Heres,
1203 4007 1325 4068 quo
1350 3985 1591 4048 nomine
1614 3986 1916 4066 religiosos
1938 3995 2083 4048 voto
2109 3986 2428 4049 adstrictos
2445 3987 2759 4049 monastico

561 4072 747 4152 vulgo
774 4092 1205 4153 nuncupamus.
1288 4072 1578 4133 ΕιιιιιιιιὲῙ
1604 4071 1926 4152 Georgillas
1967 4074 2032 4132 in
2060 4072 2342 4133 monodia
2384 4095 2494 4136 ms.
2522 4075 2598 4135 de
2626 4070 2757 4153 epi-

562 4156 790 4232 demia,
832 4177 985 4235 quae
1009 4157 1293 4218 Rhodum
1317 4157 1574 4218 insulam
1599 4156 1821 4217 invasit
1851 4158 1924 4217 A.
1942 4158 2105 4225 1498
2128 4176 2327 4218 mense
2354 4160 2512 4263 Sept.

727 4238 1044 4324 αρχοντες,
1087 4239 1399 4319 πλούσιοι,
1441 4240 1547 4305 καὶ
1576 4242 1835 4323 πτωχοί,
1879 4242 2093 4350 μικροί
2112 4265 2176 4306 τε
2198 4242 2304 4306 καὶ
2333 4240 2609 4327 μεγάλοι,

725 4327 832 4391 καὶ
862 4326 1027 4403 icore
1052 4321 1343 4403 αὕθένιις
1373 4326 1657 4413 φρσρίδες
1684 4325 2002 4393 (suetiam
2022 4322 2094 4393 το
2119 4321 2381 4413 aevisq-
