3064 4890
414 330 506 396 IN
531 325 993 396 NICEPHORI
1012 324 1418 394 BRYENNII
1443 323 1883 392 COMMENT.
1911 324 2221 392 NOTAE.
2316 325 2470 397 227

274 503 338 556 et
371 493 591 554 Iaaacio
625 493 961 567 Comneno,
1004 490 1081 550 de
1116 510 1236 569 quo
1278 489 1470 561 multa
1502 488 1817 550 cardinalia
1840 489 2130 551 Baroniue
2162 491 2223 550 in
2253 489 2469 555 Annal.

274 581 431 642 Eccl.
473 588 537 638 et
567 580 683 638 Leo
726 578 976 637 Allatiua
1014 576 1247 637 dieaert.
1273 581 1315 640 2
1358 576 1435 635 de
1473 575 1609 636 libr.
1649 576 1803 637 Eeel.
1839 577 2117 640 Graecor.
2150 577 2279 637 etl.
2303 583 2348 643 2
2393 578 2472 639 do

273 667 430 727 Eud.
462 664 666 726 Occid.
691 673 755 723 et
778 663 1007 723 Orient.
1039 680 1309 727 oonaena.
1336 678 1388 725 c.
1416 666 1478 728 9.

444 771 504 830 p.
534 753 656 814 102
684 768 745 812 v.
770 753 828 812 6.
915 748 1111 810 ‹3062oe
1134 751 1243 820 τῆς
1272 737 1638 827 Βουλγᾶρων
1656 737 1887 826 χώρας]
1932 745 2236 807 Debellata
2274 768 2308 807 a
2344 750 2469 809 Ba·-

276 836 411 897 ailio
434 838 809 913 imperatore,
851 842 913 891 et
936 833 1001 892 in
1024 832 1366 911 provinciae
1393 832 1647 891 sormam
1670 831 1915 891 redacta
1936 831 2207 911 Bulgaria
2232 855 2266 892 a
2292 854 2472 913 prae-

276 922 451 981 fectis
502 920 727 979 ducum
776 918 955 977 titulo
1006 927 1069 976 et
1116 916 1404 995 dignitate
1449 916 1761 976 instructio
1813 917 2009 996 coepit
2051 918 2470 983 administrari.

275 1006 388 1066 hoe
412 1007 571 1064 inter
596 1003 990 1083 Nicephorum
1015 1003 1411 1062 Carentenum
1437 1010 1497 1060 et
1522 1002 1870 1061 Damianum
1904 1003 2309 1078 Dalaeeenum,
2351 1006 2475 1064 Mi·-

280 1090 485 1151 chaele
507 1090 671 1150 Duca
696 1090 1057 1167 imperante,
1099 1097 1393 1147 memorat
1420 1087 1723 1165 Scylitzea.
1806 1088 2070 1148 Nicetam
2100 1090 2306 1150 eodem
2332 1111 2478 1171 per-

170 1202 175 1207 ,
276 1177 554 1238 functum
585 1176 961 1253 magistratu,
1006 1192 1141 1232 cum
1186 1173 1372 1232 nostri
1411 1172 2009 1250 Hierosolymitanam
2037 1176 2478 1253 expeditionem
2511 1173 2516 1177 ’

276 1262 539 1342 primum
562 1269 707 1320 aunt
727 1258 996 1338 aggressi,
1031 1266 1330 1318 testantur
1356 1257 1633 1318 albertus
1658 1265 1792 1336 Aq„
1816 1259 2145 1319 Willelmue
2170 1262 2386 1340 Tyrius
2414 1270 2477 1321 et

278 1345 687 1406 Thwroeziua.
769 1346 1003 1404 Nicetae
1059 1361 1457 1405 successorem
1513 1342 1682 1404 Ghua
1731 1344 1929 1404 nescio
1984 1364 2160 1423 quem
2208 1347 2478 1406 nominat

277 1431 439 1492 idem
472 1432 747 1491 elbertus
775 1430 887 1496 1..ss
921 1450 970 1489 c.
998 1427 1100 1493 84.

452 1536 513 1595 p.
533 1519 654 1580 106
672 1536 728 1576 v.
732 1510 808 1580 ‘8.
894 1510 1083 1577 unito&
1107 1509 1520 1594 ὁμευνὲτιδος]
1568 1512 1891 1574 Andronici
1923 1514 2093 1575 iatius
2116 1515 2326 1575 uxoria
2346 1534 2478 1575 me·-

280 1600 461 1663 minit
501 1601 790 1680 Gregorae
818 1599 860 1658 l.
891 1605 933 1667 9
972 1608 1032 1657 et
1069 1599 1146 1658 ab
1176 1618 1245 1657 ea
1273 1597 1674 1657 instauratum
1704 1600 1780 1658 de
1811 1620 1970 1660 novo
1998 1601 2232 1661 Chorae
2261 1621 2477 1660 mona-

279 1687 533 1749 sterium
566 1684 1076 1763 Constantinopoli
1099 1684 1317 1747 scribit.
1400 1703 1462 1743 v.
1487 1693 1787 1762 praeterea
1811 1685 2042 1745 Annam
2069 1708 2128 1767 p.
2163 1691 2302 1752 166.

451 1775 639 1838 v..18
720 1773 903 1851 τριῶν
923 1793 1038 1849 γαρ
1060 1767 1444 1852 θυγατέρων]
1493 1770 1647 1828 Duae
1675 1788 1752 1829 ex
1773 1771 1968 1830 tribua
1991 1771 2313 1832 Andronici
2342 1772 2473 1832 Du-

270 1865 388 1917 cae
409 1857 560 1915 filias
580 1856 682 1916 hic
704 1862 972 1915 recenset
994 1855 1353 1947 Bryenniue:
1392 1854 1570 1914 tertia
1601 1855 1717 1916 suit
1736 1855 1910 1917 Anna
1935 1857 2209 1917 Ducaena
2240 1858 2477 1938 Georgii

279 1941 613 2020 Palaeologi
640 1940 881 2001 coniux.
966 1939 1141 1999 Anna
1160 1940 1204 2003 l.
1227 1930 1290 2003 2.

451 2046 525 2105 Ρ.
553 2030 675 2090 107
700 2046 766 2091 v,
794 2030 854 2090 8.
932 2018 1273 2107 Ἀργυροῦ]
1316 2024 1466 2098 Quia
1502 2023 1603 2083 ille
1636 2025 1930 2106 Argyrus,
1972 2026 2245 2105 pluribus
2279 2025 2476 2087 diace-

282 2120 525 2193 ptamua
547 2111 612 2170 in
640 2110 898 2170 Familiie
925 2110 1284 2188 Byzantinis,
1324 2110 1432 2169 ubi
1460 2109 1535 2168 de
1562 2109 1926 2191 Argyrorum
1952 2113 2192 2177 familia.

454 2215 514 2275 p-
545 2201 666 2261 112
692 2217 754 2259 v.
781 2194 842 2260 4.
924 2192 1424 2277 Καιζαμοῦντης]
1469 2196 1566 2254 Διι
1586 2194 1747 2256 idem
1771 2216 1908 2256 cum
1932 2197 2362 2275 Caatamonita,
2401 2194 2478 2259 de
2507 2201 2554 2258 P
2587 2203 2693 2260 216

288 2300 410 2360 quo
438 2281 614 2340 Anna
641 2301 701 2360 Ρ.
736 2277 876 2347 196.
986 2304 997 2311 ·

455 2385 518 2445 Ρ.
549 2367 670 2430 116
703 2384 764 2423 ν.
790 2362 850 2427 4.
942 2356 1282 2470 Φρουριον]
1327 2363 1398 2426 V.
1430 2373 1558 2423 not.
1585 2363 1664 2424 ad
1688 2363 1977 2431 Villhard.
2009 2386 2072 2431 n.
2101 2369 2200 2430 86.

458 2471 519 2512 v.
555 2455 613 2515 6.
697 2447 1006 2529 διέβαινον
1033 2443 1147 2528 τὴν
1180 2448 1488 2533 γέφυραν]
1530 2451 1736 2510 Pontis
1762 2452 1934 2511 istius
1960 2451 2226 2511 meminit
2256 2452 2483 2513 Cinna-

291 2555 426 2597 mua
453 2536 497 2601 l.
527 2541 588 2610 2.
670 2535 844 2616 plura
875 2536 1048 2594 etiam
1078 2533 1151 2593 de
1178 2535 1282 2594 illo
1316 2537 1706 2614 congessimus
1730 2536 1810 2595 ad
1835 2537 2128 2597 villhard.
2165 2558 2223 2596 n.
2258 2539 2358 2605 85.

459 2641 520 2701 Ρ.
545 2624 668 2687 118
698 2641 759 2681 v.
790 2624 887 2684 19.
973 2616 1260 2698 Σολυμαν
1298 2618 1331 2684 ὁ
1366 2626 1481 2685 τοῦ
1517 2619 1949 2701 Κουτουλμους
1985 2619 2156 2701 υἱός]
2210 2621 2485 2682 Iconien-

293 2705 449 2765 aium
491 2705 875 2765 Sultanorum
909 2705 1188 2784 originem
1214 2704 1503 2765 hactenus
1544 2709 1836 2770 incertam
1878 2707 2100 2787 vixque
2135 2716 2336 2767 notam
2364 2730 2483 2769 no-

292 2791 384 2850 bis
419 2789 659 2850 tandem
697 2791 886 2869 aperit
918 2790 1271 2870 Bryenniua.
1351 2792 1780 2872 solymannum
1830 2792 1984 2852 enim
2022 2802 2286 2854 veterem
2326 2796 2418 2855 uti
2446 2815 2484 2854 a

296 2877 482 2954 Tyrio
534 2877 890 2955 appellatur,
933 2896 966 2934 a
1012 2896 1130 2953 quo
1173 2886 1434 2952 ceteros,
1488 2879 1591 2956 qui
1628 2882 1693 2938 in
1734 2879 2060 2957 Lycaonia,
2115 2878 2487 2958 Cappadocia

294 2960 540 3039 aliiaque
581 2962 754 3020 Asiae
786 2961 1106 3040 provinciis
1136 2960 1585 3042 imperitarunt,
1627 2963 1945 3042 toparchae
1997 2965 2278 3023 Turcicos
2313 2964 2487 3030 ,deri-

293 3046 429 3107 vari
456 3055 718 3121 constat,
762 3066 881 3105 non
914 3066 990 3104 ex
1018 3046 1222 3107 eadem
1250 3048 1432 3107 modo
1460 3069 1578 3126 qua
1607 3050 1864 3129 supremi
1891 3051 2224 3109 Turcorum
2249 3049 2484 3109 Sultani

220 3129 228 3139 ’
293 3140 468 3210 gente
504 3141 702 3190 ortum
735 3131 972 3190 duxiaae
995 3132 1202 3209 docet,
1242 3152 1450 3194 verum
1485 3135 1666 3193 etiam
1694 3155 1812 3213 quo
1843 3135 1974 3193 illos
2006 3136 2483 3212 consanguinita-

293 3218 373 3275 tia
406 3217 596 3293 gradu
630 3216 949 3295 attigerint.
1035 3238 1069 3275 a
1092 3218 1331 3277 Cutlum
1363 3221 1610 3298 quippe,
1654 3240 1826 3298 quem
1856 3220 2029 3279 etiam
2061 3240 2198 3279 cum
2227 3221 2481 3298 Scylitze

296 3311 362 3360 et
389 3302 619 3360 Zonara
647 3296 1077 3382 Κουτλουμους
1105 3313 1166 3362 et
1198 3300 1628 3383 Κοντουλμούς
1656 3316 1864 3378 vocat,
1908 3306 2333 3383 solymannum
2365 3305 2480 3364 Ni-

296 3405 596 3445 caeensem
639 3388 953 3446 Sultanum
996 3399 1352 3466 prognatum
1390 3391 1593 3451 refert.
1678 3391 1988 3450 Cutlumue
2013 3409 2160 3450 vero
2190 3390 2484 3469 Tangrol-

296 3471 427 3530 beci
454 3472 683 3530 Sultani
705 3473 988 3551 patruelis
1013 3475 1131 3533 fuit
1154 3494 1283 3548 seu,
1327 3476 1415 3534 uti
1444 3475 1652 3535 scribit
1684 3476 1785 3541 1.1
1830 3498 1889 3538 n.
1924 3482 2004 3542 10
2038 3487 2100 3536 et
2129 3496 2202 3534 ex
2231 3495 2301 3535 eo
2329 3479 2482 3556 Scy-

295 3556 502 3630 litzee,
546 3557 931 3636 Tangrolbeci
964 3561 1160 3637 patrui
1199 3561 1386 3637 filius,
1428 3559 1679 3641 proinde
1716 3562 1978 3640 Salgeuei
2018 3581 2093 3621 ex
2131 3561 2253 3620 filio
2283 3581 2484 3644 nepos.

297 3641 364 3702 id
395 3650 697 3720 praeterea
729 3642 931 3702 firmat
955 3645 1269 3750 Scylitzea,
1311 3667 1447 3706 cum
1481 3648 1567 3706 ait
1592 3645 1956 3707 Ibrahimum
1994 3647 2331 3725 Tagrolbeci
2353 3650 2483 3707 fra-

299 3735 459 3785 trem
507 3727 767 3787 Cutlumi
819 3729 992 3788 fuisse
1049 3723 1310 3806 ἆνέψιον
1364 3751 1466 3791 eeu
1509 3733 1853 3812 patruelem.
1943 3733 2253 3791 Cutlumue
2301 3753 2483 3811 porro

301 3810 642 3872 El-Macino
669 3814 740 3875 A.
768 3813 908 3891 Heg.
938 3814 1091 3891 477,
1132 3815 1271 3878 Chr.
1307 3818 1469 3882 1084
1499 3828 1562 3877 et
1589 3813 1918 3895 insequenti
1947 3819 2299 3876 Ptolomeue
2322 3839 2488 3879 nun-

302 3905 588 3975 cupatur,
626 3899 918 3958 vocabulo
948 3898 1115 3959 haud
1134 3901 1390 3961 multum
1420 3902 1765 3979 abludente,
1809 3902 1859 3961 ei
1888 3903 2115 3983 primus
2139 3905 2488 3964 immutetur

302 4000 494 4061 apex,
533 3981 639 4041 ubi
682 3985 1023 4064 Solymanni
1067 3996 1373 4064 parentem
1403 3996 1635 4047 exserte
1666 3948 1859 4048 vo’cat.
1946 3997 2123 4066 atque
2150 4008 2224 4047 ex
2247 3986 2342 4046 his
2368 4009 2494 4049 non

300 4066 676 4128 mediocriter
721 4070 846 4129 salli
887 4070 1416 4150 deprehenduntur
1458 4073 1748 4149 Zonarae,
1801 4073 2018 4151 Tyrius
2064 4082 2124 4131 et
2180 4073 2494 4136 Aithonue.

305 4172 377 4211 ac
423 4153 685 4212 Zonaras
731 4155 1005 4234 quidem,
1047 4157 1148 4234 qui
1188 4158 1534 4218 Cutlumum
1564 4158 1905 4237 Tagrolbeci
1941 4152 2358 4234 ἅδελφόπαιδα
2388 4179 2493 4218 aeu

302 4256 383 4296 ex
415 4240 603 4298 fratre
643 4252 918 4321 nepotem
952 4242 1130 4319 facit3
1170 4242 1384 4322 Tyrius
1414 4262 1562 4313 vero
1591 4244 1632 4304 l.
1663 4249 1701 4308 3
1730 4264 1783 4308 c.
1821 4250 1849 4308 1
1891 4253 1954 4303 et
1976 4243 2272 4304 Aithonua
2303 4265 2353 4303 c.
2394 4243 2494 4319 15,

303 4322 410 4403 qni
445 4323 873 4405 solymannum
909 4336 1184 4410 nepotem
1205 4328 1385 4391 suinae
1404 4329 1682 4392 scribunt
1702 4325 2144 4391 Guedadolduli
2168 4330 2349 4391 Albae
2374 4330 2495 4388 Ar-

528 4415 555 4450 .
1366 4427 1385 4438 s
