3064 4890
547 213 662 353 x‘w
1453 281 1735 357 ΒῙΙΟΔΝ
1736 282 1858 353 Gn

546 479 697 522 men
730 457 809 522 ab
842 453 1099 522 eruditis
1136 455 1477 544 quibusque
1509 455 1593 522 ad
1624 458 2041 523 immortalem
2063 456 2326 539 gloriam
2352 457 2591 523 facilius
2619 469 2751 524 tra-

550 561 822 626 ducatur.
920 572 1082 625 certe
1140 583 1281 624 cum
1334 562 1719 651 amplissima
1761 559 2017 629 laudum
2062 563 2414 627 accessione
2442 574 2632 626 -aucta
2666 563 2753 626 sit

547 678 733 751 atque
772 666 1139 753 locupletata
1185 663 1387 729 Gallia
1401 712 1421 745 ,
1484 686 1570 729 ex
1609 687 1732 751 quo
1775 663 2129 730 Ludovicus
2183 664 2570 730 subditorum
2627 665 2753 730 sibi

542 770 912 857 populorum
951 766 1267 856 splendori
1294 781 1357 832 et
1389 767 1723 833 commodo
1761 780 1932 831 tanta
1964 791 2106 832 cum
2130 770 2332 845 animi
2360 770 2750 833 contentione

542 871 859 954 invigilat,
926 870 995 936 id
1047 869 1403 952 diligentiae
1447 873 1814 960 praesertim
1862 884 1928 935 et
1980 869 2318 936 industriae
2375 872 2587 953 Tuae,
2652 873 2754 937 vir

549 976 963 1040 illustrissime
981 1020 1000 1054 ,
1050 975 1315 1038 memori
1352 975 1563 1039 animo
1602 977 1709 1039 illa
1754 974 2076 1055 adscribit,
2140 974 2310 1061 quod
2354 973 2545 1039 ardua
2595 975 2788 1039 tanti·

547 1079 844 1167 principis
870 1079 1126 1142 consilia
1153 1090 1433 1143 strenuus
1462 1080 1646 1166 plane
1671 1076 1955 1164 fidusque
1983 1076 2348 1143 administer
2373 1079 2757 1165 exsequeris.

550 1183 611 1246 si
653 1179 966 1245 redditum
1007 1183 1086 1245 ab
1131 1202 1277 1263 rege
1319 1183 1570 1270 populis
1613 1195 1778 1249 terra
1820 1183 2100 1269 marique
2147 1183 2620 1249 commercium·
2602 1228 2623 1263 ,
2694 1182 2754 1245 si

546 1284 959 1374 principatum
984 1285 1160 1347 illum
1186 1285 1607 1370 eloquentiae,
1661 1307 1846 1371 quem
1872 1287 2065 1350 etiam
2095 1284 2370 1350 Romani
2398 1284 2593 1350 Gallis
2632 1284 2752 1348 ali-

546 1386 797 1475 quando
829 1386 1132 1467 detulere,
1171 1409 1334 1451 nunc
1363 1389 1546 1473 quasi
1569 1390 1958 1475 postliminio
1981 1402 2434 1475 recuperatum3
2483 1389 2542 1453 si
2567 1386 2754 1451 resti-

546 1503 745 1555 tutam
786 1488 1054 1577 denique
1092 1512 1273 1555 suam
1318 1491 1551 1556 artibus
1593 1494 1881 1555 omnibus
1922 1492 2338 1555 celebritatem
2380 1491 2605 1556 merito
2644 1491 2754 1554 illa

440 1582 457 1587 ’
547 1596 869 1678 gloriatur:
917 1595 1039 1658 hoc
1068 1613 1256 1681 opera
1280 1591 1742 1680 quodammodo
1765 1595 1905 1660 Tua
1930 1598 2270 1683 perfectum
2296 1597 2602 1677 agnoscit,
2647 1593 2755 1679 qui

548 1719 804 1764 omnem
845 1697 1081 1778 ingenii
1114 1717 1186 1759 ac
1221 1698 1509 1761 solertiae
1538 1697 1673 1761 vim
1700 1699 1768 1762 in
1801 1696 2114 1763 mandatis
2141 1700 2328 1781 regiis
2354 1696 2753 1763 conficiendis

549 1813 682 1867 tam
719 1821 983 1888 operose
1016 1798 1350 1888 impendis.
1448 1797 1676 1865 eodem
1701 1802 1932 1890 pariter
1954 1803 2089 1866 inre
2121 1802 2481 1867 obstrictam
2505 1820 2575 1865 se
2605 1800 2752 1866 Tibi

546 1906 868 1994 profitetur
917 1904 1291 1971 bibliotheca
1337 1905 1541 1985 regia,
1593 1925 1783 1991 quam
1827 1925 1867 1968 a
1910 1904 1963 1969 F
1964 1925 2238 1971 rancisco
2284 1904 2319 1971 I
2376 1906 2751 1985 inchoatam,

548 2010 629 2072 ab
670 2008 942 2073 Henrico
964 2007 1030 2073 H
1074 2019 1137 2072 et
1169 2005 1497 2072 Catharina
1519 2006 1806 2073 Medicea
1839 2031 1967 2073 non
1995 2006 2386 2073 mediocriter
2410 2007 2753 2088 adauctam,

547 2135 665 2178 rex
699 2111 873 2176 idem
906 2123 1119 2176 noster
1158 2131 1328 2176 nova
1372 2111 1930 2200 manuscriptorum
1968 2113 2357 2177 voluminum
2397 2113 2754 2177 accessione

545 2215 964 2304 locupletavit.
1065 2234 1143 2279 ea
1172 2215 1343 2278 enim
1370 2227 1433 2278 et
1457 2236 1720 2280 numero
1756 2215 2212 2304 propemodum
2237 2216 2478 2279 infinita
2493 2264 2511 2296 ,
2564 2227 2627 2279 et
2650 2234 2754 2278 ra-

544 2320 746 2384 ritatis
787 2314 970 2382 laude
1011 2319 1294 2381 omnium
1339 2317 1508 2381 haud
1543 2319 1673 2383 scio
1706 2339 1787 2382 an
1813 2320 2372 2407 praestantissima,
2422 2318 2511 2383 ita
2542 2316 2751 2383 studio

541 2421 684 2489 Tuo
713 2420 1060 2487 incredibili
1091 2433 1235 2487 sunt
1259 2423 1635 2509 conquisita,
1685 2434 1757 2487 ut
1782 2444 1912 2488 non
1937 2434 2070 2489 tam
2093 2424 2376 2505 auxisse,
2420 2443 2606 2509 quam
2631 2442 2753 2486 no-

540 2548 693 2593 vam
715 2527 1155 2590 bibliothecam
1178 2527 1457 2592 effecisse
1488 2524 1787 2591 dicendus
1820 2528 1934 2608 sit,
1985 2540 2169 2614 atque
2196 2525 2356 2592 adeo
2387 2524 2659 2591 divisam
2683 2523 2754 2589 in

543 2631 886 2695 maioribus
917 2629 1077 2709 suis,
1129 2630 1198 2692 in
1234 2651 1305 2693 se
1344 2632 1664 2693 collectam
1679 2678 1698 2710 ,
1748 2629 1846 2694 Te
1874 2642 2269 2718 procurante,
2313 2632 2576 2713 gloriam
2601 2650 2755 2693 con-

542 2735 847 2800 iunxisse.
947 2730 1059 2797 sed
1104 2744 1167 2796 et
1206 2734 1606 2822 praecipuum
1655 2733 2064 2798 bibliothecae
2098 2734 2281 2797 istius
2320 2732 2506 2796 decus
2520 2779 2539 2813 ‚
2605 2752 2754 2819 pre-

543 2839 709 2902 tiosa
743 2838 851 2900 illa
888 2856 1146 2922 raraque
1189 2837 1603 2917 numismata,
1655 2858 1814 2923 quae
1848 2857 1884 2899 a
1920 2836 2319 2901 serenissimo
2353 2834 2756 2900 Aurelianen-

548 2941 716 3006 sium
745 2938 898 3003 duce
928 2938 1204 3004 Gastone
1230 2941 1481 3003 collecta
1518 2951 1694 3005 tanto
1725 2942 1935 3004 labore
1975 2951 2268 3024 tantoque
2296 2936 2567 3017 delectu,
2617 2950 2752 3001 tum

548 3064 815 3110 coronae
833 3089 850 3123 ,
903 3054 969 3105 ut
1000 3042 1201 3121 aiunt,
1252 3044 1461 3125 regiae
1485 3045 1720 3125 legata,
1756 3064 1918 3107 nunc
1947 3055 2340 3108 asservantur
2369 3043 2460 3106 ibi
2488 3040 2756 3123 diligen-

549 3158 645 3212 ter
658 3193 677 3228 ,
722 3143 1001 3234 quotidie
1040 3147 1119 3209 ab
1162 3165 1309 3227 rege
1350 3147 1626 3211 consiliis
1672 3143 1830 3211 Tuis
1866 3143 2119 3210 incitato
2163 3144 2424 3210 mirifice
2451 3144 2755 3232 multipli-

551 3261 783 3315 cantur.
883 3269 957 3312 ac
1000 3269 1081 3312 ne
1125 3247 1559 3314 reconderetur
1600 3251 1743 3314 fons
1777 3250 1886 3314 ille
1916 3248 2281 3314 eruditionis
2307 3248 2600 3327 uberior,
2638 3267 2754 3312 eo·-

551 3352 700 3418 dem
745 3375 868 3439 quo
908 3353 1275 3418 bibliotheca
1317 3364 1659 3419 constructa
1701 3364 1799 3417 est
1834 3355 1972 3418 loco
1993 3399 2010 3433 ,
2070 3351 2437 3417 Academiae
2475 3349 2755 3415 virorum

552 3458 745 3523 totins
775 3456 1058 3544 Europae
1084 3457 1601 3544 peritissimorum
1616 3502 1635 3536 ,
1684 3456 1783 3521 Te
1814 3454 2112 3520 suadente
2130 3503 2148 3536 ,
2201 3456 2601 3534 constitutae3
2645 3452 2757 3539 qui

552 3581 694 3624 cum
736 3581 814 3625 eo
861 3560 1062 3648 parati
1098 3558 1390 3623 accedant
1439 3561 1622 3623 certis
1664 3558 2036 3645 quibusdam
2067 3558 2286 3623 diebus
2311 3557 2395 3621 ad
2419 3579 2609 3622 omne
2631 3558 2752 3620 hu·-

549 3664 851 3729 manioris
880 3661 1193 3726 doctrinae
1220 3683 1413 3744 genus
1437 3660 1856 3743 tractandum,
1903 3675 2042 3727 tum
2078 3663 2135 3727 si
2174 3661 2321 3749 quid
2349 3663 2512 3726 inter
2536 3659 2751 3747 dispu-

550 3765 812 3832 tandum
851 3763 1024 3829 dubii
1062 3769 1224 3830 forte
1263 3768 1765 3853 controversique
1796 3765 2111 3846 acciderit,
2159 3767 2328 3830 illico
2351 3763 2436 3828 ad
2459 3766 2753 3829 librorum

548 3872 977 3935 auctoritatem
991 3916 1009 3950 ,
1058 3869 1241 3955 quasi
1280 3868 1363 3934 ad
1407 3847 1815 3934 decretorium
1845 3868 2144 3933 iudicium
2179 3870 2555 3951 confugiant.
2654 3877 2754 3930 at-

548 3995 671 4062 que
710 3974 830 4039 hoc
862 3973 936 4037 in
972 3974 1345 4038 memoriam
1381 3970 1665 4053 revocat,
1718 3971 1888 4037 haud
1927 3973 2278 4038 absimilem
2301 3975 2455 4037 olim
2480 3973 2753 4056 inpera-

547 4089 753 4143 torum
795 4071 1204 4164 quommdam
1242 4075 1732 4160 Byzantinorum
1769 4098 1888 4166 pro
1932 4097 2002 4141 re
2038 4076 2311 4140 literaria
2353 4093 2595 4152 miram3
2645 4068 2756 4157 qui

544 4180 855 4263 insignem
895 4175 1433 4269 Constantinopoli
1458 4179 1896 4250 bibliothecam
1925 4180 2347 4259 instituerant,
2398 4188 2463 4241 et
2491 4175 2615 4264 ipsi
2643 4195 2756 4238 cu-

544 4282 780 4351 randae
824 4282 1361 4376 perficiendaeque
1409 4286 1829 4373 praefecerant
1876 4284 2050 4352 viros
2096 4284 2354 4364 omnino
2403 4276 2754 4358 duodecim,

2455 4493 2910 4676 ΟΜΖ
