3064 4890
472 274 613 327 xm
1113 249 1516 321 DUCANGH
1553 248 2041 319 PRAEFATIO.
2113 176 2132 205 ·

480 421 833 494 obtinuerit.
933 435 999 487 et
1043 443 1196 489 sane
1230 443 1308 487 ea
1343 422 1680 489 voluntatis
1729 432 1793 485 et
1818 420 2014 485 animi
2039 420 2456 509 propensione
2483 420 2679 487 fuisse

481 529 842 599 manualem
869 527 936 592 in
963 528 1217 591 Latinos
1245 526 1611 613 profitentur
1636 525 1962 610 scriptores
1989 528 2236 604 onmes,
2281 538 2348 589 ut
2375 525 2522 589 inde
2549 544 2684 589 non

488 635 686 701 semel
715 629 1097 696 subditarum
1123 631 1245 694 sibi
1272 630 1550 710 gentium
1571 626 1878 691 invidiam
1905 648 1976 690 ac
2001 627 2219 693 odium
2251 630 2550 693 conflarit.
2617 638 2684 690 at

489 758 632 803 cum
655 733 941 800 cinnami
967 734 1227 798 historia
1257 730 1427 796 haud
1456 733 1546 794 ita
1569 729 1812 818 pridem
1839 752 1922 797 ex
1951 753 2104 796 mss.
2133 730 2461 797 Godicibus
2490 741 2684 810 eruta,

490 838 770 906 nondum
792 838 979 917 regiis
1008 822 1177 924 typis
1201 857 1273 899 ac
1289 835 1625 922 Luparaeis
1650 835 2027 899 ornamentis
2052 834 2283 899 donata
2309 848 2498 915 esset,
2524 837 2688 901 hano

489 944 574 1010 iis
602 942 985 1007 committere
1015 961 1240 1026 operae
1260 940 1532 1026 pretium
1560 938 1767 1003 visum
1796 949 1927 1016 est,
1975 960 2060 1001 ne
2098 937 2245 1023 quid
2273 940 2390 1002 hac
2411 940 2483 1002 in
2504 960 2573 1003 re
2603 935 2690 1001 ad

487 1045 788 1111 historiae
815 1041 1226 1108 Comnenicae
1252 1039 1502 1107 laudem
1536 1037 1785 1105 deesset
1810 1053 1873 1103 et
1899 1040 2521 1106 commendationem.
2569 1062 2689 1106 ve·-

490 1171 633 1215 rum
658 1169 798 1213 cum
825 1167 900 1209 ea
926 1147 1137 1211 omnia
1163 1165 1320 1231 quae
1353 1144 1618 1231 sparsim
1650 1143 1730 1207 de
1761 1146 1948 1209 rebus
1975 1146 2370 1231 potissimum
2393 1145 2692 1210 nostrati-

493 1254 611 1316 bus
652 1252 722 1314 in
755 1250 873 1311 hac
911 1250 1444 1313 nobilissimorum
1493 1248 1855 1333 scripturum
1881 1245 2081 1311 triade
2113 1247 2581 1327 interseruntur,
2621 1258 2694 1311 ut

497 1352 703 1419 dicam
735 1350 902 1437 quod
934 1373 1034 1415 res
1068 1363 1182 1430 est,
1221 1352 1463 1414 nonita
1490 1351 1620 1413 sint
1644 1352 1946 1437 explicata
1963 1398 1982 1428 ‚
2028 1351 2095 1414 in
2122 1349 2455 1437 medioque
2483 1351 2691 1437 posita

498 1457 682 1543 (quia
702 1454 781 1518 de
808 1457 992 1519 rebus
1018 1455 1249 1518 exteris
1280 1453 1548 1537 ἀκριβῶς
1585 1464 1648 1515 et
1679 1455 1992 1517 enucleate
2017 1455 2279 1519 scribere
2307 1452 2540 1541 oppido
2565 1452 2693 1516 dif-

496 1561 661 1625 ficile
692 1557 852 1644 est),
904 1568 973 1619 ut
1018 1578 1056 1618 a
1087 1557 1484 1665 scriptoribus
1512 1557 1762 1619 coaevis
1790 1558 2085 1621 arcessito
2111 1559 2344 1623 lumine
2372 1579 2498 1621 non
2523 1555 2695 1621 indi-

498 1673 703 1745 geant,
739 1680 955 1745 eorum
989 1681 1129 1724 cum
1150 1657 1455 1740 Bryennii
1477 1658 1811 1743 Annaeque
1837 1671 1900 1722 et
1929 1657 2216 1723 cinnami
2244 1661 2698 1726 narrationibus

500 1764 1029 1851 comparationem
1081 1761 1323 1827 institui
1341 1809 1359 1840 ,
1423 1772 1493 1825 ut
1543 1782 1750 1824 rerum
1799 1782 1957 1848 quae
2001 1760 2425 1827 describuntur
2463 1765 2697 1829 veritas

503 1870 805 1933 elucescat
847 1878 911 1929 et
950 1887 1167 1931 eorum
1206 1865 1552 1928 infirmetur
1596 1863 1784 1942 fides,
1845 1866 1902 1929 si
1943 1864 2189 1949 quando
2230 1888 2446 1932 socero
2489 1886 2698 1948 gener,

503 1971 746 2059 parenti
770 1969 899 2035 filia
935 1980 998 2032 et
1025 1969 1287 2054 principi
1313 1966 1626 2046 subditus,
1670 1969 2016 2055 plusculum
2039 1970 2230 2032 etiam
2259 1991 2450 2055 quam
2475 1974 2703 2034 conce-

507 2073 602 2137 dit
628 2074 857 2138 veritas
871 2120 887 2151 ,
939 2070 1324 2137 indulserint.
1427 2088 1800 2156 quamquam
1839 2068 2005 2137 nuda
2046 2072 2164 2136 hac
2194 2085 2257 2139 et
2283 2075 2549 2161 simplici
2571 2074 2705 2137 col-

507 2177 739 2242 latione
778 2175 1038 2238 minime
1076 2185 1430 2253 contentus,
1482 2171 1862 2266 difficiliores
1904 2175 2158 2262 iusuper
2200 2179 2522 2262 magisque
2556 2198 2706 2263 per-

507 2281 728 2368 plexos
776 2279 1075 2359 elegantis
1108 2277 1289 2343 istius
1330 2277 1629 2341 historiae
1672 2276 2085 2343 Comnenicae
2127 2278 2332 2345 nodos
2377 2303 2491 2367 pro
2535 2280 2705 2343 virili

510 2383 810 2447 extricare
844 2379 1071 2460 studui,
1122 2392 1304 2467 atque
1332 2401 1370 2443 e
1396 2382 1666 2445 tenebris
1695 2402 1908 2444 eruere
1935 2383 2126 2445 multa
2155 2404 2314 2469 quae
2342 2382 2420 2447 ad
2443 2404 2543 2448 res
2573 2380 2704 2465 By-

510 2488 790 2550 zantinas
820 2496 1125 2573 spectant.
1168 2507 1298 2548 non
1319 2485 1508 2550 obvia
1538 2485 1733 2548 cuivis
1762 2500 1825 2547 et
1854 2484 2165 2572 expedita.
2261 2510 2446 2575 porro
2480 2498 2550 2550 ut
2576 2488 2707 2552 im-

511 2601 865 2675 peratorum
904 2609 975 2651 ac
1020 2589 1396 2675 principum,
1442 2600 1585 2650 tum
1630 2586 2034 2667 Graecorum,
2085 2600 2219 2652 tum
2249 2591 2610 2655 Latinorum
2642 2601 2707 2653 et

513 2690 874 2770 Turcorum,
925 2713 1185 2777 quorum
1206 2692 1445 2777 passim
1469 2692 1538 2754 in
1561 2702 1693 2755 tota
1716 2693 1832 2754 hae
1860 2692 2119 2755 historia
2147 2693 2417 2756 iniicitur
2446 2694 2704 2771 mentio,

514 2795 789 2857 familiae
826 2806 891 2857 et
931 2806 1260 2858 stemmata
1304 2794 1543 2858 facilius
1589 2791 2114 2875 dignoscerentur,
2155 2816 2280 2858 non
2312 2796 2514 2878 gentis
2541 2793 2708 2857 dun-

517 2905 692 2960 taxat
718 2895 1148 2976 Comnenicae,
1177 2895 1288 2960 sed
1316 2898 1504 2960 etiam
1522 2895 1976 2979 Bryennianae,
2005 2909 2188 2982 atque
2212 2896 2370 2963 adeo
2393 2898 2709 2964 Norman·

519 2998 799 3063 nicorum
826 2991 1082 3087 Apuliae
1109 2999 1334 3063 ducum
1358 3011 1420 3062 et
1450 3021 1666 3082 regum
1688 3000 1936 3065 Siciliae
1962 3011 2025 3063 et
2044 2998 2440 3066 Turcicomm
2461 3022 2535 3065 ac
2564 3001 2709 3066 lco-

519 3101 833 3174 niensium
861 3102 1253 3168 Sullanorum
1285 3101 1525 3167 indices
1573 3104 2000 3185 genealogicus
2038 3107 2428 3189 praemittere
2459 3103 2709 3168 eonsul-

519 3214 654 3267 tum
694 3207 937 3292 putavi3
984 3208 1234 3270 interim
1285 3204 1435 3271 dum
1478 3218 1680 3270 totum
1719 3204 1885 3292 quod
1925 3204 2003 3268 de
2029 3208 2283 3272 familiis
2310 3207 2708 3273 orientalibus

525 3303 762 3388 digessi
789 3329 946 3395 opus
971 3311 1037 3372 in
1070 3312 1380 3397 publicum
1402 3307 1680 3396 prodeat.
1749 3310 1830 3372 iis
1855 3307 2120 3393 denique
2145 3310 2477 3392 adiungere
2501 3311 2713 3374 visum
2725 3363 2746 3382 .,

526 3421 624 3473 est
665 3415 1135 3499 topographiam
1178 3425 1239 3476 et
1272 3411 1750 3500 descriptionem
1777 3410 2427 3502 Constantinopoboe‚
2478 3413 2716 3500 aliquot

525 3513 706 3576 annis
767 3527 1097 3600 antequam
1151 3516 1301 3580 urbs
1348 3517 1416 3579 in
1457 3516 1798 3580 Turcorum
1847 3526 2220 3602 potestatem
2272 3515 2635 3581 concederet
2671 3534 2712 3578 a

501 3611 973 3703 fluistophoro
1005 3619 1086 3683 de
1110 3617 1666 3703 Bo‘ndelmontibus
1692 3618 2047 3682 Florentino
2078 3632 2410 3698 exaratam,
2464 3618 2713 3682 brevio-

526 3716 817 3804 ribusque
855 3723 1020 3786 notis
1065 3724 1463 3802 illustratam3
1532 3733 1602 3785 ut
1653 3734 1715 3784 et
1753 3722 2132 3807 praeclarum
2158 3724 2344 3810 ⁴Pauli
2379 3719 2714 3786 Silentiarii

528 3816 610 3884 de
636 3820 955 3909 Sophiana
994 3823 1150 3890 aede
1184 3824 1443 3913 poema,
1496 3823 1665 3909 quod
1704 3825 1770 3887 in
1814 3844 2036 3888 manus
2072 3847 2248 3890 meas
2273 3827 2492 3889 affecta
2515 3839 2713 3913 paene

525 3920 782 3988 huiusce
815 3930 1018 4013 operis
1043 3927 1317 3994 editione
1341 3928 1651 4015 pervenit,
1704 3947 1845 3990 cum
1869 3947 2003 3991 rem
2030 3940 2268 4010 gratam
2288 3933 2583 3992 facturum
2609 3943 2713 3985 me

528 4024 961 4093 eruditioribus
991 4033 1315 4102 arbitratus
1344 4031 1495 4108 sim,
1565 4032 1622 4093 si
1645 4031 1800 4096 haec
1831 4028 2068 4097 inedita
2091 4033 2387 4098 historiae
2417 4027 2718 4114 Byzanti-

530 4148 644 4193 nae
673 4146 1073 4199 monumenta
1098 4136 1167 4206 in
1196 4134 1509 4223 publicum
1528 4135 1887 4220 proferrem.
