3064 4890
630 345 781 417 380
1314 342 1625 411 emon
1672 343 1797 411 DU
1845 342 2174 410 FRESNE

959 505 1116 594 πρὸς
1143 505 1252 574 τὸν
1279 508 1469 574 οἴκων
1490 501 1742 584 φύλακα
1763 511 1896 571 ταῖν
1923 505 1991 571 ἐν
2015 514 2145 583 τοῖς
2172 500 2523 590 ἀνακτόροις.

959 596 1199 659 παπίαν
1226 594 1474 678 λέγομεν
1498 588 1689 658 αὐτᾶν
1712 589 1864 657 κατὰ
1888 591 2194 675 Ῥωμαίων
2222 599 2497 677 γλῶτταν.

630 679 797 742 unde
830 682 998 760 apud
1034 680 1368 741 Cedrennm
1412 682 1647 755 παπὶας
1683 683 1797 744 τοῦ
1836 682 2132 744 παλατίου
2174 679 2238 739 in
2277 681 2466 739 Leone
2506 680 2779 757 Goprony·

628 768 715 828 mi
753 767 818 827 F.
867 777 929 826 et
968 768 1225 828 Leonem
1275 767 1730 846 grammaticum
1784 767 1849 824 in
1890 767 2085 825 Leone
2125 765 2403 825 Armenio
2447 775 2506 824 et
2541 763 2784 825 michaele

415 852 463 907 P
496 853 604 911 480
636 851 953 933 Theophili
980 853 1050 913 F.
1079 873 1142 932 p.
1170 851 1296 918 447
1324 853 1471 930 469,
1523 863 1729 912 custos
1748 852 2021 929 palatii,
2059 854 2289 932 papias
2319 862 2376 911 et
2397 852 2704 923 ostiarius,
2733 849 2784 907 in

632 944 674 1005 8
702 939 950 1019 Synodo
978 940 1111 1001 Act.
1138 941 1179 1006 5
1223 946 1630 1018 nuncupatur.
1729 937 2103 1016 proindeque
2143 956 2268 997 non
2312 936 2490 997 modo
2519 935 2790 995 habitabat

598 1024 691 1101 ‘in
714 1025 844 1103 ipso
869 1025 1125 1105 palatio,
1189 1025 1299 1085 uti'
1325 1025 1645 1085 observare
1684 1032 1774 1081 est
1821 1042 1900 1082 ex
1922 1023 2180 1103 Scylitze
2219 1024 2286 1083 in
2309 1020 2590 1083 ltlichaele
2613 1019 2789 1080 Rhau-

628 1110 775 1189 gabe
804 1131 866 1190 p.
897 1109 1024 1176 492
1053 1119 1116 1169 et
1135 1106 1293 1188 495,
1349 1111 1456 1171 sed
1496 1119 1559 1169 et
1599 1128 1779 1189 penes
1808 1109 2048 1190 papiam
2083 1128 2361 1185 reorum,
2404 1107 2505 1186 qui
2536 1111 2595 1168 in
2620 1105 2792 1187 pdafii

631 1196 973 1257 carceribus
997 1196 1441 1274 detinebantur,
1481 1217 1629 1256 cura
1652 1196 1997 1274 praesertim
2022 1203 2171 1272 erat,
2213 1193 2378 1274 quod
2398 1193 2660 1254 hocloco
2684 1192 2793 1271 plu·

630 1282 773 1341 satis
800 1282 1002 1343 innuit
1027 1283 1372 1353 Cinnamus,
1411 1292 1485 1342 ut
1511 1292 1574 1341 et
1599 1283 1862 1341 Zonaras
1885 1281 1950 1340 in
1980 1280 2269 1341 Michaele
2295 1280 2497 1343 Balbo.
2558 1279 2666 1339 suit
2682 1296 2795 1337 sane

630 1367 819 1427 simile
837 1380 1323 1449 gaunt-retortam
1355 1368 1622 1428 officium
1647 1367 1714 1427 in
1747 1367 1881 1429 aula
1906 1386 2115 1447 regum
2144 1366 2379 1427 Siciliae
2405 1365 2514 1426 sub
2540 1364 2795 1425 Norman-

630 1453 757 1531 nis,
814 1474 994 1533 penes
1030 1474 1182 1533 quos
1224 1474 1348 1515 non
1378 1474 1527 1514 cura
1555 1454 1858 1514 duntaxat
1886 1462 1949 1512 et
1975 1453 2247 1512 custodia
2270 1452 2470 1533 palatii
2495 1452 2601 1513 sub
2626 1449 2793 1510 castel-

629 1539 772 1599 lano
796 1540 1208 1617 incumbebat,
1252 1539 1356 1599 sed
1399 1549 1460 1599 et
1498 1559 1598 1599 eos
1614 1585 1634 1616 ,
1697 1538 1803 1618 qui
1851 1557 1960 1618 per
2012 1538 2286 1599 diversos
2334 1537 2536 1618 palatii
2575 1552 2796 1597 carceres

631 1625 997 1686 tenebantur
1025 1626 1261 1703 inclusi,
1302 1627 1649 1705 frequenter
1673 1627 1965 1705 inspicere
2010 1643 2341 1703 eorumque
2381 1632 2597 1684 statum
2630 1621 2795 1682 mitius

634 1710 996 1790 asperiusve,
1039 1719 1223 1791 prout
1249 1712 1302 1770 ei
1326 1713 1525 1771 visum
1550 1721 1701 1788 erat,
1745 1718 2112 1771 commutare
2136 1720 2200 1771 et
2221 1719 2416 1790 prout
2439 1710 2613 1771 vellet
2631 1716 2797 1769 custo-

634 1795 740 1855 des
774 1797 1017 1875 singulis
1042 1797 1347 1875 designare
1377 1797 1746 1870 carceribus,
1807 1808 1880 1856 ut
1923 1805 2134 1856 auctor
2163 1806 2260 1856 est
2296 1794 2470 1875 Hugo
2495 1794 2796 1855 Falcandus.

632 1892 1090 1960 gauarretorum
1132 1882 1402 1941 meminit
1445 1884 1627 1943 etiam
1651 1880 1987 1942 Richardus
2021 1882 2097 1942 de
2126 1885 2186 1943 S.
2221 1882 2522 1942 Germano
2550 1880 2615 1942 A.
2645 1882 2796 1944 1232.

636 1966 713 2028 de
748 1968 947 2047 magni
998 1967 1208 2048 papiae
1249 1967 1445 2026 officio
1493 1968 1670 2047 plura
1704 1966 1888 2027 habet
1917 1968 2248 2045 Meursius,
2317 1969 2485 2028 cuius
2524 1964 2797 2046 dignitatis,

634 2072 814 2131 quam
843 2053 1017 2113 simili
1039 2097 1060 2131 ,
1102 2072 1254 2132 quae
1276 2053 1393 2112 suit
1424 2053 1569 2112 olim
1598 2054 1663 2113 in
1689 2072 1896 2131 regum
1918 2062 2270 2114 nostrorum
2304 2055 2555 2134 palatio,
2596 2070 2799 2130 compa-

632 2158 772 2199 rare
795 2149 906 2215 est,
951 2157 1248 2218 quamque
1275 2139 1605 2198 etiamnum
1631 2142 1941 2220 conciet-ge
1972 2137 2062 2198 du
2084 2141 2305 2218 pelais
2332 2149 2569 2215 vocant,
2616 2135 2800 2197 mentio

633 2234 726 2285 est
752 2234 1058 2305 praeterea
1086 2225 1246 2306 apud
1280 2223 1706 2303 Pachymerem
1731 2225 1770 2284 l.
1804 2224 1843 2290 5
1870 2246 1922 2285 c.
1950 2224 2014 2303 5,
2048 2227 2534 2286 Cantacuzenum
2558 2224 2595 2285 1.
2623 2229 2648 2289 1
2678 2222 2799 2284 0526

631 2311 753 2388 62,
796 2310 836 2375 L
864 2317 909 2375 2
937 2331 989 2371 o.
1017 2316 1102 2377 22
1133 2317 1218 2378 27
1244 2320 1304 2370 et
1331 2303 1737 2390 Nicephorum
1766 2311 2093 2389 Gregoram
2124 2311 2166 2371 l.
2195 2308 2262 2376 8.

798 2417 861 2478 p.
892 2398 1017 2477 235
1048 2417 1110 2460 v.
1138 2402 1194 2463 1.
1282 2393 1449 2480 παρὰ
1478 2395 1986 2479 Πριμίσθλαβον]
2030 2396 2238 2458 Varios
2275 2396 2524 2457 Russiae
2553 2410 2649 2456 seu
2669 2392 2799 2454 Mos-

630 2482 858 2560 coviae,
900 2503 1080 2562 quam
1110 2483 1661 2563 Tauroscytharum
1685 2484 1988 2564 regionem
2014 2493 2215 2562 vocat,
2251 2484 2553 2563 principes
2576 2483 2801 2542 recenset

631 2569 989 2646 Cinnamus,
1031 2579 1214 2649 atque
1248 2571 1314 2630 in
1351 2568 1877 2630 himvladimerum
1904 2578 1967 2628 et
1989 2569 2325 2630 Iaroelaum
2355 2569 2642 2637 Galitzae,
2679 2581 2801 2644 quae

626 2656 942 2736 provincia
985 2665 1078 2716 est
1099 2656 1349 2715 Russiae
1385 2656 1633 2716 minoris
1651 2701 1669 2733 ,
1703 2655 2056 2736 toparchas:
2108 2665 2428 2735 praeterea
2457 2651 2803 2725 Primislaum,

627 2739 965 2818 Rosilaum,
1024 2742 1349 2803 Iaroslaum
1363 2783 1384 2817 ,
1446 2742 1768 2820 Georgium
1814 2741 2092 2801 Basilicae
2136 2740 2337 2801 fllium
2381 2749 2444 2800 et
2484 2737 2802 2801 vladislaum

627 2827 732 2903 qui
775 2846 911 2885 cum
952 2846 1147 2887 uxore
1174 2837 1236 2886 et
1260 2827 1461 2888 liberis
1486 2827 1566 2887 ad
1597 2829 1929 2888 manuelem
1959 2827 2237 2903 transiit,
2280 2848 2317 2886 a
2348 2846 2472 2906 quo
2499 2826 2716 2906 regione
2740 2816 2804 2879 nd

625 2911 850 2971 Istrum
874 2913 992 2971 sita
1027 2912 1282 2973 donatus
1308 2921 1419 2974 est.
1506 2922 1688 2992 atque
1715 2912 1779 2973 hi
1805 2912 2044 2990 quidem
2074 2932 2283 2973 omnes
2308 2912 2583 2986 Iaroslai‚
2621 2908 2804 2988 quim-

624 2996 722 3056 lus
747 2996 995 3058 Russiae
1024 2998 1428 3077 principatum
1461 2998 1754 3075 obtinuit,
1791 2999 1901 3062 filii
1937 2997 2232 3060 videntur
2257 3000 2443 3059 fuisse
2470 3006 2572 3058 aut
2596 3013 2664 3054 ex
2694 2990 2801 3052 filiis

627 3091 904 3161 nepotes,
947 3084 1052 3162 qui
1079 3084 1405 3144 ditionibus
1429 3084 1552 3144 suis
1574 3104 1697 3144 non
1728 3085 2014 3164 contenti,
2045 3084 2195 3146 dum
2219 3084 2325 3146 alii
2350 3085 2499 3146 alios
2528 3079 2799 3149 invadunt,

627 3168 854 3230 mutuis
884 3187 1009 3229 sese
1045 3171 1350 3231 confecere
1381 3169 1752 3232 vulneribus.

799 3274 861 3334 p·
907 3258 1035 3321 236
1080 3276 1143 3317 V.
1190 3254 1253 3319 4.
1356 3249 1603 3336 Κιᾶμα]
1651 3256 1839 3316 Forte
1877 3253 2106 3336 Κωβία
2143 3262 2250 3315 aut
2289 3248 2530 3336 Κιόβα,
2590 3245 2805 3320 Kiowin,

629 3339 877 3400 Russiae
908 3341 1048 3400 olim
1075 3342 1422 3422 metropolis
1448 3341 1529 3401 ad
1555 3340 1988 3422 Borysthenem
2007 3385 2025 3416 ,
2072 3337 2319 3420 Κιοοὶβα
2353 3340 2519 3401 dicta
2550 3339 2806 3398 Constan-
2943 3371 2944 3384 κ

629 3426 763 3486 tino
796 3425 871 3486 de
907 3425 1080 3487 Adm.
1105 3427 1258 3508 Imp.
1296 3448 1344 3491 c.
1378 3432 1448 3504 9,
1493 3428 1666 3488 cuius
1698 3426 2027 3508 amplitudo
2058 3424 2424 3487 describitur
2447 3435 2511 3486 et
2537 3419 2809 3505 praediea·
2943 3427 2944 3474 ἶ

628 3522 737 3572 tur
766 3533 800 3571 a
828 3511 1097 3573 Ditmaro
1128 3514 1171 3574 1.
1196 3520 1238 3580 7
1278 3523 1586 3590 extremo,
1632 3512 1861 3574 Adamo
1887 3510 2192 3574 Bremensi
2228 3532 2279 3571 c.
2313 3516 2440 3589 66,
2481 3508 2693 3571 Mathia
2715 3503 2810 3566 ffi-
2943 3547 2944 3576 ᾗ

627 3596 1004 3659 choviensi·l.
1032 3603 1075 3663 2
1119 3618 1171 3658 c.
1204 3603 1313 3668 18,
1384 3599 1552 3664 Alex.
1584 3600 1853 3679 Gagnino
1883 3608 1944 3658 et
1976 3598 2052 3657 al.
2135 3615 2460 3677 perperam
2509 3596 2686 3658 Chios
2719 3605 2809 3670 pro
2943 3611 2944 3626 ³

634 3682 834 3761 Chios
876 3684 997 3745 dici
1045 3684 1110 3743 in
1139 3684 1285 3746 -Vita
1315 3687 1374 3745 S.
1399 3684 1654 3745 Mariani
1683 3685 1883 3748 abbat.
1910 3683 2225 3763 Rafispon.
2254 3702 2308 3745 c.
2339 3682 2386 3748 4
2415 3683 2687 3744 observat
2711 3677 2812 3737 Bo-
2943 3767 2944 3772 η

625 3767 844 3830 landus
871 3774 912 3836 9
935 3770 1111 3833 Febr.

794 3873 856 3915 V·
914 3853 1014 3922 14.
1094 3849 1401 3940 Ἐρρίκος]
1468 3853 1765 3915 Henricua
1808 3853 2084 3915 Austriae
2131 3854 2277 3920 dux.
2370 3853 2517 3916 vide
2567 3851 2710 3912 infra
2746 3842 2809 3904 ad
2943 3929 2944 3932 Ἴ

624 3958 668 4021 Ρ
792 4027 1000 4103 Ρ.237
1025 4043 1090 4090 v.
1104 4029 1165 4090 7.
1251 4025 1644 4104 Βαλδουῖνος]
1673 4022 1986 4084 Exstincto
2001 4021 2292 4085 Balduino
2317 4021 2404 4085 111
2434 4022 2555 4104 regi
2567 4021 2806 4083 Hieroso·

623 4108 915 4189 lymitano
949 4110 1232 4170 successit
1265 4112 1389 4170 eius
1424 4110 1612 4170 srater
1641 4108 1971 4170 Amalricus
2003 4129 2200 4170 comes
2229 4110 2568 4192 Ioppensis:
2609 4103 2704 4185 qui
2726 4099 2807 4160 di·

621 4195 872 4277 remptis
904 4196 1263 4275 apostolicae
1302 4195 1459 4257 sedis
1499 4196 1858 4257 auctoritate
1893 4216 2030 4258 cum
2062 4195 2286 4277 Agnete
2303 4240 2324 4272 ,
2368 4191 2632 4257 loscelini
2658 4191 2804 4281 Edu-

620 4282 751 4341 sani
798 4281 1028 4342 comitis
1071 4281 1224 4358 filia,
1267 4282 1522 4363 nuptiis,
1565 4281 1814 4343 Mariam
1842 4282 2237 4359 Gomnenam,
2287 4282 2531 4343 Ioannis
2558 4281 2803 4339 Comum

622 4367 1022 4448 protosebnni
1067 4366 1252 4427 finam
1265 4411 1285 4447 ,
1348 4368 1681 4432 marcuini
1727 4369 2243 4450 mantuam,
2297 4365 2590 4430 manni·
2616 4356 2800 4432 frenis,

1971 4499 1995 4534 θ
