3064 4890
458 327 560 375 xu
774 307 847 377 c.
888 286 1151 378 ‘roua
1196 309 1664 378 ammo
1714 311 1826 378 An
1878 311 2361 381 LECTOREM,

457 481 659 557 mium
679 480 944 549 videbor
968 482 1274 549 retulisse.
1376 484 1666 550 omnibus
1691 484 1862 549 enim
1883 483 2068 550 bonis
2092 497 2158 548 et
2177 485 2524 552 amantibus
2535 490 2664 553 ’eo—

456 608 597 651 rum
611 635 630 667 ,
683 589 791 672 qui
835 585 1086 651 laudem
1129 588 1378 674 assequi
1424 610 1510 653 ex
1549 585 1773 653 studiis
1816 590 2235 668 connituntur,
2288 591 2665 654 satisfecisse

455 710 562 754 me
600 712 714 777 pto
760 688 1187 754 mediocritate
1231 712 1378 755 mea
1418 713 1622 781 spero.
1723 692 1782 755 si
1829 693 1937 777 qui
1977 693 2370 780 supercilium
2408 692 2667 758 induere
2730 706 2742 717 ·

455 795 704 874 volent,
756 805 820 858 et
862 794 931 857 in
967 795 1125 859 vitia
1153 805 1288 858 tam
1318 817 1568 859 cernere
1601 806 1880 875 acutum,
1925 816 2113 882 quam
2137 807 2242 858 aut
2268 797 2507 881 aquila,
2559 808 2667 859 aut

454 917 711 1018 serpens
750 896 1157 985 Epidaurius,
1207 898 1302 962 illi
1353 920 1534 965 suam
1580 899 1702 962 sibi
1732 899 2154 963 austeritatem
2178 901 2667 986 saevitatemque

453 1001 657 1082 magis
683 1003 819 1064 fore
844 1002 1003 1085 vitio
1031 1001 1258 1080 sciant,
1310 1023 1497 1088 quam
1528 1023 1801 1071 errorem
1836 1014 1945 1066 aut
1980 1003 2269 1091 lapsum·
2247 1003 2493 1069 iuveni·
2475 1048 2494 1082 ,
2545 1003 2665 1084 cui,

456 1104 710 1168 subacto
747 1076 1028 1168 nondum
1068 1102 1150 1167 ad
1185 1107 1606 1169 remotissima
1643 1126 1921 1192 quaeque
1948 1128 2063 1193 per
2093 1117 2361 1169 aetatem
2389 1106 2666 1188 ingenio,

455 1218 526 1271 ut
552 1218 649 1271 est
676 1228 878 1271 errare
904 1208 1065 1271 inter
1091 1209 1381 1272 homines
1409 1210 1772 1275 facillimum
1786 1256 1802 1287 ,
1854 1210 1943 1272 ita
1973 1210 2209 1297 primus
2247 1230 2489 1295 quoque
2520 1220 2665 1273 ante

461 1331 684 1375 omnes
722 1312 977 1376 veniam
1017 1309 1586 1398 indulgentiamque
1628 1324 1918 1376 meretur.
2019 1310 2284 1393 accedit,
2328 1310 2495 1398 quod
2519 1333 2666 1400 pars

460 1434 689 1495 magna
731 1415 937 1503 operis
983 1413 1366 1479 conficienda
1413 1415 1599 1478 fuerit
1648 1413 1913 1480 vixdum
1946 1406 2207 1478 firmatis
2246 1435 2330 1478 ex
2369 1416 2555 1496 longo
2592 1435 2667 1478 ac

461 1517 835 1600 gravissimo
877 1519 1099 1582 morbo
1142 1519 1401 1602 viribus.
1501 1518 1690 1606 simul
1740 1539 2010 1603 namque
2050 1515 2298 1605 prodire
2342 1538 2380 1580 e
2421 1508 2669 1592 funebri

463 1622 645 1706 quasi
684 1622 842 1684 lecto
858 1668 876 1700 ,
919 1632 983 1701 et
1009 1641 1289 1701 manum·
1305 1618 1644 1685 admovere
1663 1621 2150 1711 sabulaenpotuiv,
2197 1622 2444 1703 exercui
2469 1642 2574 1685 me
2604 1632 2670 1685 et

466 1721 957 1805 defatigavi„ne
988 1745 1108 1809 quo
1138 1724 1293 1807 alio,
1332 1734 1400 1786 ut
1423 1724 1703 1788 nonnulli
1727 1736 1963 1807 metum
1989 1722 2436 1805 admovebant,
2479 1712 2678 1811 'prae-2.

462 1827 755 1892 veniente
771 1840 812 1906 ·,‘
842 1827 1052 1909 oleum
1092 1838 1156 1890 et
1194 1845 1450 1914 operam
1483 1839 1667 1912 atque
1704 1824 1955 1913 aliquod
1996 1824 2452 1917 i'ortassis.inde
2471 1829 2669 1911 ‚meri—

463 1941 601 1994 tum
620 1928 989 2018 perderem.
1088 1951 1251 1993 nunc
1289 1952 1441 1995 vero
1486 1951 1668 2017 spem
1705 1941 1985 1998 nostram
2008 1942 2337 2015 utcumque
2371 1932 2668 2012 exsecuti,

466 2030 688 2117 damus
710 2034 819 2103 ,hic
843 2034 959 2096 tibi
988 2031 1284 2119 quidquid
1312 2033 1433 2097 hoc
1461 2034 1606 2096 libri
1635 2045 1742 2096 aut
1767 2033 1997 2105 laboris
2028 2045 2158 2114 est,
2207 2043 2395 2118 utque
2431 2054 2665 2120 aequus

464 2157 538 2199 ac
562 2138 763 2218 libens
793 2140 1028 2216 fruare,
1080 2138 1530 2205 humanitatem
1556 2147 1728 2200 tuam
1755 2157 2065 2218 rogamus.
2161 2138 2304 2208 vale
2327 2137 2548 2215 lector,
2601 2148 2666 2202 et

463 2252 763 2326 quantum
820 2240 980 2303 mihi
1037 2236 1139 2303 dei
1187 2241 1565 2323 benignitate
1621 2241 1790 2304 vitae
1846 2238 2137 2328 deinceps
2189 2238 2460 2320 dabitur,
2508 2238 2666 2306 iuud

457 2364 647 2409 omne
695 2344 941 2431 publico
981 2363 1086 2411 me
1127 2344 1293 2410 bono
1309 2391 1329 2426 ,
1380 2344 1440 2425 si
1468 2365 1590 2432 qua
1620 2341 1920 2433 prodesse
1946 2355 2200 2433 potero,
2249 2341 2430 2415 ctede
2460 2354 2664 2415 trans-

454 2467 813 2514 missurum.
