3064 4890
475 261 625 332 222
1153 256 1466 326 GAROLI
1513 256 1639 324 DU
1683 254 2009 323 FRESNE

479 425 561 486 ad
602 432 803 504 togam
841 418 1104 481 decursis
1142 418 1562 481 illustrioribus
1603 418 1722 479 sori
1764 427 1825 479 et
1863 416 2070 500 palatii
2107 418 2254 500 regii
2295 417 2677 502 dignitatibus

482 512 872 574 transierunt.

810 622 897 639 —
975 620 1063 637 —
1141 623 1226 636 -
1308 591 1556 649 tametsi
1583 589 1744 649 bella
1781 591 2064 670 quierunt
2091 586 2180 670 ¹),

814 696 935 735 non
958 675 1140 753 periit
1162 677 1363 733 virtue
1375 721 1393 752 ,
1439 676 1582 732 licet
1607 696 1862 734 exercere
1885 685 2132 754 togatae

819 782 1074 819 munera
1095 760 1357 819 militiae
1388 771 1444 818 et
1470 764 1601 818 eine
1618 763 1948 840 sanguinis
1971 759 2204 818 haustu

818 848 997 904 mitia
1027 845 1299 924 legitimo
1330 846 1446 903 aab
1472 843 1676 904 iudice
1704 845 1861 905 bella
1885 848 2058 904 tueri.

494 931 721 1013 primus
758 939 955 989 autem
993 948 1069 987 ex
1108 929 1424 990 clarissima
1462 931 1998 990 Normannicorum
2037 923 2420 987 Balliolorum
2460 924 2688 983 familia

491 1019 624 1078 soro
651 1035 865 1074 nomen
896 1013 1061 1073 dedit
1090 1011 1393 1075 Nicotaus
1421 1036 1498 1074 ms
1526 1017 1867 1091 Ennaton,
1911 1014 2014 1092 qui
2056 1010 2320 1090 deposito
2363 1009 2475 1069 sub
2511 1010 2688 1068 Hen-

492 1101 621 1162 rico
649 1100 727 1160 Μ.
754 1100 944 1160 veluti
970 1100 1246 1161 tirocinio
1287 1101 1625 1179 relictisque
1667 1099 2021 1160 militaribus
2048 1095 2277 1171 studiis,
2316 1096 2380 1155 in
2408 1114 2691 1174 supremo

496 1187 806 1246 Parisiensi
840 1185 1153 1246 dicasterio
1193 1195 1431 1245 senator
1463 1187 1690 1262 factus,
1735 1185 1949 1246 deinde
1993 1182 2327 1243 libellorum
2353 1180 2693 1259 supplicum

497 1272 774 1349 magister
813 1280 876 1329 et
924 1280 1059 1350 post
1096 1270 1358 1330 diversas
1385 1271 1701 1350 legationes
1725 1281 2065 1350 praeturam
2094 1267 2373 1346 adeptus,
2415 1265 2554 1325 urbi
2578 1265 2694 1323 de-

501 1357 684 1434 nique
724 1358 927 1434 reique
967 1355 1206 1415 urbicae
1241 1357 1480 1415 tertium
1506 1357 1874 1436 praepositus
1895 1401 1913 1432 ,
1955 1363 2162 1414 tantus
2193 1351 2416 1428 ubique
2437 1349 2534 1409 vir
2556 1350 2691 1426 suit,

499 1451 574 1501 ut
601 1440 870 1500 omnibus
903 1440 1351 1501 admirationem
1377 1443 1467 1501 sui
1500 1442 1877 1520 relinqueret.
1958 1458 2190 1521 praeses
2226 1436 2462 1495 demum
2496 1436 2559 1493 in
2578 1453 2694 1493 0se-

502 1536 652 1586 natu
695 1526 975 1585 insulatus
1019 1547 1053 1584 a
1092 1546 1227 1605 rege
1265 1528 1461 1586 dictus
1501 1537 1563 1585 et
1607 1528 1674 1585 in
1718 1546 1950 1586 sacrum
2000 1524 2397 1606 palatinorum
2423 1519 2696 1579 ordinem

502 1611 677 1689 regiis
716 1611 987 1689 auspiciis
1032 1630 1127 1670 res
1167 1611 1710 1672 administrantium
1737 1610 2028 1684 allectus,
2052 1606 2279 1669 aerario
2300 1626 2531 1665 summa
2557 1623 2697 1664 cum

500 1705 799 1777 potestate
818 1695 1160 1775 praeficitur
1173 1695 1250 1777 2).
1290 1717 1411 1777 quo
1435 1697 1499 1756 in
1536 1716 1779 1757 munere
1805 1695 2333 1779 aff'ectanesamae
2358 1688 2699 1762 commoda,

498 1785 802 1858 pecuniae
840 1782 1099 1859 neglexit
1143 1793 1471 1861 augmenta
1478 1805 1504 1858 ,·
1548 1795 1604 1841 et
1645 1781 1811 1863 quod
1843 1802 2054 1840 rarum
2087 1780 2339 1838 virtutis
2369 1777 2702 1854 exemplum

509 1875 626 1936 eat,
667 1864 769 1920 his
803 1868 926 1941 egit
964 1886 1030 1922 se
1063 1867 1431 1943 temporibus
1452 1870 1874 1943 continentem,
1920 1866 2147 1946 quibus
2177 1865 2403 1923 crimen
2422 1864 2706 1920 avaritia

508 1968 632 2006 non
677 1946 952 2005 habebat.
1036 1957 1339 2025 postremo
1387 1971 1525 2010 cum
1560 1953 1749 2010 diviso
1796 1952 1860 2010 in
1899 1951 2184 2011 factiones
2215 1967 2428 2026 regno,
2483 1956 2706 2006 cuncta

507 2031 666 2092 bello
698 2032 887 2090 atroci
920 2031 1244 2111 deflagrare
1280 2043 1673 2113 senatumque
1710 2037 1937 2114 ipsum,
1982 2036 2078 2095 cui
2123 2042 2420 2114 praeerat,
2458 2030 2523 2090 in
2553 2050 2706 2110 par-

510 2126 601 2176 tes
646 2116 999 2176 distractum
1040 2128 1344 2194 cerneret,
1386 2139 1687 2199 moerore,
1731 2121 1890 2179 curis
1934 2121 2348 2196 laboribusque
2380 2118 2701 2198 coniectus,

511 2202 637 2281 regi
664 2211 725 2260 et
748 2201 993 2279 patriae,
1036 2222 1214 2281 quam
1240 2204 1471 2264 dudum
1496 2205 1844 2282 devoverat,
1886 2206 2072 2265 vitam
2114 2202 2407 2285 impendit
2448 2200 2526 2266 13
2568 2199 2702 2260 Kal.

516 2290 682 2366 Sept.
725 2286 794 2346 A.
836 2286 977 2348 Chr.
1021 2287 1186 2353 1652
1239 2298 1415 2348 aetat.
1456 2294 1560 2354 66.
1656 2292 1813 2351 tanti
1861 2291 2121 2371 parentis
2170 2287 2708 2369 praestantissimus

515 2372 674 2432 filius
702 2372 774 2432 V.
806 2373 869 2432 C.
895 2373 1236 2433 Lunowens
1264 2395 1343 2435 nn
1373 2376 1709 2450 Binum,
1751 2396 1982 2457 praeses
2018 2395 2201 2455 aeque
2225 2373 2542 2448 insulatus,
2586 2390 2712 2431 non

518 2458 698 2519 modo
728 2467 961 2537 partam
988 2479 1022 2516 a
1051 2460 1371 2521 maioribus
1401 2463 1639 2522 laudem
1674 2461 1852 2521 hodie
1882 2462 2209 2540 adaequat,
2250 2459 2356 2519 sed
2379 2456 2715 2518 incredibili

520 2545 700 2603 etiam
726 2543 1021 2603 virtutum
1051 2546 1345 2622 omni‘um,
1388 2547 1605 2626 quibus
1649 2549 1982 2627 praecellit,
2025 2546 2303 2606 comitiva
2342 2546 2531 2628 gentis
2570 2560 2714 2601 suae

520 2628 888 2688 nobilitatem
915 2637 977 2686 et
1000 2629 1245 2707 gloriam
1268 2631 1353 2690 ita
1378 2634 1677 2693 cumulate
1703 2632 1986 2708 adornat,
2025 2641 2099 2692 ut
2120 2630 2370 2710 posteris
2392 2629 2514 2689 suis
2540 2628 2722 2687 satu*

518 2732 632 2774 rus
654 2714 734 2771 sit
756 2714 819 2772 in
845 2715 1197 2793 exemplum.
1267 2718 1674 2776 Normannicis
1696 2719 2080 2778 Balliolorum
2102 2716 2336 2777 familiis
2357 2713 2715 2792 antiquitate

524 2807 589 2857 et
626 2816 829 2857 rerum
870 2805 1166 2876 gestarum
1196 2802 1351 2860 fama
1377 2801 1543 2862 haud
1567 2804 1813 2862 inferior
1841 2803 2070 2862 exstitit
2094 2821 2236 2880 gens
2259 2800 2500 2859 Balliola
2529 2798 2715 2859 Vine-

525 2883 837 2956 macensis,
882 2903 1016 2941 cum
1057 2905 1181 2944 non
1216 2887 1387 2965 pauci
1424 2888 1838 2967 dignitatibus,
1886 2897 1947 2947 et
1989 2887 2200 2947 bellica
2237 2883 2413 2944 laude
2452 2884 2714 2943 illustr-m

528 2968 692 3027 viros
732 2967 797 3025 in
832 2966 1037 3045 Anglia
1079 2969 1334 3032 ediderit
1377 2972 1719 3053 dederitque
1753 2973 1983 3032 scotiae
2013 2992 2176 3051 reges
2211 2971 2452 3048 aliquot.
2535 2966 2717 3027 huius

532 3050 697 3130 origo
726 3071 862 3112 cum
889 3050 1178 3113 hactenns
1208 3077 1333 3116 non
1364 3059 1556 3117 Scotis
1587 3058 1885 3117 duntaxat
1910 3067 1970 3116 et
1992 3057 2227 3137 Anglis,
2269 3054 2373 3114 sed
2405 3063 2467 3113 et
2498 3052 2718 3112 nostris

530 3137 639 3197 vix
664 3137 741 3195 sit
768 3146 910 3195 nota
926 3182 946 3213 ,
988 3149 1248 3217 praestat
1274 3143 1437 3220 quod
1472 3143 1628 3205 hane
1653 3144 1717 3202 in
1751 3163 1877 3202 rem
1907 3164 1941 3201 a
1968 3163 2064 3202 me
2090 3141 2317 3221 pridem
2345 3138 2716 3210 adnotatum,

530 3241 656 3282 non
679 3221 912 3300 ingrato
939 3223 1134 3283 forsan
1160 3246 1425 3306 parergo,
1468 3228 1836 3288 Graecanicis
1859 3227 2020 3287 hisce
2041 3228 2391 3286 interserere
2415 3242 2716 3284 commen-

533 3306 730 3378 tariis,
774 3316 904 3366 tum
950 3309 1125 3368 etiam
1163 3322 1234 3370 ut
1276 3315 1379 3391 qui
1420 3314 1582 3392 apud
1620 3315 1931 3393 plerosque
1958 3312 2213 3372 invaluit
2241 3329 2442 3383 error,
2493 3330 2530 3367 a
2560 3309 2718 3369 Nor-

536 3392 811 3449 mannica
837 3392 1214 3454 Balliolorum
1237 3398 1453 3457 familia
1473 3419 1654 3477 genus
1680 3399 1917 3459 duxisse
1942 3398 2204 3457 Scoticos
2232 3416 2306 3456 ex
2334 3394 2593 3453 Ballioiis
2613 3412 2718 3454 re·-

536 3495 668 3554 ges,
713 3494 789 3534 ex
834 3495 1039 3536 eorum
1080 3482 1282 3540 animis
1319 3484 1554 3563 penitus
1594 3485 1836 3544 tandem
1880 3485 2182 3545 evellatur.
2265 3481 2490 3560 primus
2531 3499 2609 3538 ex
2648 3495 2717 3536 ea

539 3561 761 3620 familia
794 3581 943 3638 qnae
968 3565 1165 3625 sedem
1197 3567 1338 3628 fixit*
1370 3571 1429 3627 in
1462 3569 1693 3647 Anglia,
1734 3579 2077 3629 recensetur
2115 3567 2188 3625 ab
2225 3564 2518 3624 historicis
2557 3568 2718 3623 Ber·-

539 3644 777 3704 nardus
804 3645 877 3704 dt
896 3650 1190 3724 Bailleul,
1232 3656 1300 3711 in
1327 3658 1627 3713 exercitiis
1650 3654 2027 3713 militaribus
2053 3655 2147 3710 νίι·
2165 3651 2717 3730 experientis-simne,

538 3729 733 3806 inquit
773 3730 1021 3792 loannes
1066 3735 1568 3816 Hagulstadensis,
1611 3741 1713 3817 qni
1752 3738 2051 3819 Stephano
2092 3737 2213 3816 regi
2252 3744 2463 3800 contra
2511 3737 2720 3793 Scotos

540 3814 822 3874 militavit
863 3818 926 3876 in
967 3837 1036 3880 eo
1078 3821 1329 3899 praelio,
1374 3824 1534 3902 quod
1581 3823 1924 3885 Standardi
1958 3832 2179 3884 vocant
2217 3820 2564 3900 scriptores,
2611 3819 2716 3880 An.

549 3902 714 3965 1138
744 3899 806 3979 ⁸)
846 3912 908 3962 et
932 3903 995 3963 in
1023 3904 1209 3966 altero
1235 3918 1446 3969 contra
1470 3911 1796 3972 Ranulsum
1828 3911 2193 3971 Cestrensem
2217 3905 2496 3967 comitem
2513 3912 2721 3986 coptus

682 4118 755 4254 13
790 4119 919 4172 Anu.
941 4121 1116 4176 Lucan
1152 4122 1203 4176 in
1222 4122 1413 4195 Paneg.
1438 4125 1506 4180 ad
1525 4126 1702 4182 Pison-

678 4189 715 4242 2
792 4188 1012 4241 Senator
1031 4191 1064 4243 1.
1085 4192 1121 4246 3
1142 4209 1251 4246 var.
1277 4194 1379 4264 Ep.
1410 4198 1489 4251 12.

677 4258 755 4328 8)
790 4256 1019 4317 Floreat.
1042 4256 1273 4331 wigorn.
1296 4265 1360 4320 A.
1386 4265 1539 4321 1138.

1108 4353 1131 4382 ο
