3064 4890
250 1075 1018 1187 CAROLI
1195 1077 1456 1189 DU
1637 1073 2457 1188 FRESNE

440 1280 1014 1375 NOTAE
1131 1278 2247 1376 HISTORICAE

708 1473 866 1549 ET
971 1470 1976 1551 PHILOLOGIGAE.

219 1827 331 1939 P.
370 1866 415 1928 6
460 1879 523 1925 v.
552 1863 619 1930 ⁵.
703 1861 744 1927 ὁ
780 1867 893 1946 τῆς
931 1865 1241 1945 βασιλεως
1270 1864 1542 1944 stamme]
1585 1863 1716 1924 Em
1753 1861 2036 1923 nobilitas
2072 1864 2306 1944 genem
2344 1882 2448 1927 10-
2480 1870 2530 1928 1»
2567 1873 2670 1931 196

214 1966 481 2027 rumque
526 1949 833 2031 praeclare
871 1959 1174 2029 gestarum
1216 1950 1408 2030 gloria
1452 1959 1515 2009 et
1557 1947 1744 2009 animi
1793 1948 2142 2028 corporisve
2172 1950 2346 2013 dotes
2379 1963 2457 2015 ut

212 2032 557 2113 plurimum
606 2035 772 2116 apud
813 2036 1180 2116 Byzantinos
1222 2033 1305 2096 ad
1344 2054 1688 2115 supremam
1722 2034 2164 2114 adipiscendam
2188 2036 2454 2116 dignita-

212 2127 338 2179 tem
374 2119 643 2200 gradum
685 2120 1012 2182 videantur
1054 2122 1289 2182 secisse·
1328 2141 1503 2201 saepe
1543 2130 1744 2181 tamen
1774 2120 1968 2199 legere
2001 2131 2094 2182 est
2127 2123 2453 2184 mediocris

207 2205 310 2265 vel
352 2206 549 2266 etiam
591 2205 833 2267 infimae
872 2207 1051 2268 sortis
1082 2207 1355 2268 homines
1388 2217 1450 2266 et
1476 2208 1792 2280 fortunae,
1834 2214 1907 2265 ut
1931 2207 2020 2266 ita
2049 2205 2279 2284 dicam,
2319 2209 2454 2268 foe-

206 2297 342 2368 tus,
376 2289 761 2375 posthabitis
789 2299 915 2353 n'on
947 2293 1151 2372 paucis
1164 2335 1185 2369 ,
1226 2292 1446 2371 quibus
1473 2310 1552 2350 ex
1577 2291 1712 2350 iure
1739 2290 2107 2366 debebatur,
2149 2292 2230 2351 ad
2257 2292 2325 2352 id
2353 2294 2450 2353 fa·-

205 2376 368 2457 stigii
410 2397 550 2438 non
593 2377 771 2437 semel
808 2386 1059 2439 evectos.
1147 2376 1209 2435 e't
1240 2395 1382 2437 sane
1411 2396 1538 2436 non
1567 2374 1895 2436 admodum
1921 2335 2190 2457 procliva
2220 2386 2311 2437 est
2335 2378 2451 2439 de-

166 2482 496 2541 cernere,
546 2463 645 2522 cui
687 2464 777 2523 rei
819 2464 1095 2545 publicae
1134 2462 1644 2523 administrandae
1680 2482 1788 2522 sen
1822 2461 2205 2523 monarchiae
2242 2465 2451 2544 potius

198 2549 424 2630 speciei
447 2549 815 2614 tribuendus
840 2549 921 2610 sit
946 2549 1269 2609 orientalis
1290 2548 1681 2629 principatus.
1747 2565 1943 2626 neque
1973 2547 2132 2609 enim
2158 2550 2451 2612 electione

196 2635 301 2696 vel
342 2634 730 2697 successione
771 2653 849 2695 ex
891 2633 1116 2714 legibus
1157 2643 1266 2696 aut
1292 2643 1540 2713 recepto
1562 2652 1732 2695 more
1770 2634 1896 2693 sere
1917 2653 2187 2714 unquam
2210 2635 2448 2699 delatus

66 2777 69 2788 ,,
193 2720 342 2799 fin‘t,
387 2723 591 2783 inimo
618 2738 697 2781 ex
720 2729 981 2801 utraque
1000 2719 1337 2801 imperandi
1359 2719 1598 2781 ratione
1623 2720 1932 2796 constitit,
1969 2720 2230 2800 legitima
2256 2721 2444 2783 nimi-

66 2803 69 2858 ῑ
192 2826 339 2868 rum
387 2816 458 2867 et
504 2825 663 2885 quae
702 2805 1104 2867 haereditaria
1136 2806 1504 2867 successione
1540 2804 1808 2867 cernitur
1829 2804 2177 2867 monarchia
2202 2814 2265 2867 et
2288 2827 2447 2887 quae

185 2894 414 2975 populi
451 2892 560 2954 vel
587 2892 947 2972 optimatum
980 2911 1274 2954 consensu
1301 2911 1379 2953 ex
1402 2891 1698 2972 suffragiis
1727 2891 2016 2955 defertur.
2100 2902 2283 2954 erunt
2308 2895 2441 2956 sor-

184 2988 351 3039 tasse
383 2979 503 3059 qui
527 2978 778 3038 feliciori
802 2977 1147 3042 coniectura
1168 2977 1388 3039 harum
1412 2978 1613 3039 neutri
1640 2987 1924 3038 censeant
1949 2976 2441 3042 adscribendum:

185 3065 363 3145 quo'd
410 3072 590 3125 certe
629 3065 818 3144 magis
854 3066 1129 3145 probem:
1172 3084 1311 3125 cum
1357 3065 1485 3126 fere
1522 3083 1757 3144 semper
1798 3072 1906 3124 aut
1940 3063 2187 3124 militari
2220 3065 2439 3145 plausu

180 3161 298 3212 aut
337 3149 673 3212 incondito
711 3151 900 3230 plebis
931 3151 1234 3227 tumultu,
1285 3150 1455 3211 nulla
1497 3149 1710 3211 habita
1752 3150 1984 3229 generis
2009 3150 2108 3210 vel
2140 3150 2438 3230 legitimae

179 3237 517 3298 electionis
548 3235 818 3313 ratione,
860 3237 1297 3316 potentioribus
1330 3235 1566 3296 delatus
1594 3245 1701 3297 aut
1732 3236 1808 3296 ab
1838 3235 1912 3296 iis
1939 3245 2268 3315 usurpatus
2297 3245 2434 3298 tra-

175 3323 400 3385 datur.
499 3340 721 3393 verum
747 3342 885 3382 cum
912 3322 993 3383 ad
1018 3322 1501 3401 consequendum
1526 3320 1978 3403 imperatorium
2007 3320 2283 3381 diadema
2306 3342 2435 3384 non

173 3409 515 3470 modicum
564 3408 934 3488 praestiterit
968 3408 1332 3488 praesidium
1369 3408 1662 3469 natalium
1701 3406 2018 3487 splendor,
2059 3407 2127 3466 id
2159 3407 2340 3467 etiam
2363 3409 2433 3470 in

168 3495 473 3556 confesso
516 3511 643 3553 esse
671 3492 877 3571 debet,
919 3495 1000 3554 ad
1027 3494 1283 3555 familiae
1315 3503 1381 3554 et
1403 3495 1662 3576 posteris
1680 3493 1836 3554 illud
1866 3493 2253 3555 asserendum
2285 3494 2431 3573 plu·
2462 3494 2510 3552 P
2544 3496 2645 3556 197

167 3581 417 3643 rimum
457 3580 756 3640 momenti
793 3580 982 3661 ipsam
1013 3580 1251 3662 imperii
1276 3581 1600 3641 contulisse
1623 3578 2072 3660 possessionem.
2157 3581 2435 3657 quamvis

166 3667 343 3729 enim
390 3685 483 3727 ex
521 3665 894 3746 praesciipto
929 3666 1132 3727 liberis
1154 3665 1525 3747 posterisque
1552 3666 1788 3727 nullum
1811 3672 1963 3724 esset
1991 3664 2072 3723 ad
2096 3674 2429 3746 paternam,

164 3754 460 3822 avitam,
512 3759 623 3811 aut
661 3752 1014 3814 familiarem
1054 3752 1403 3832 dignitatem
1443 3749 1977 3830 consequendam
1957 3770 2054 3810 ius
2091 3751 2426 3833 definit-um,

160 3837 351 3901 haud
394 3849 640 3900 temere
683 3846 887 3898 tamen
941 3839 1355 3899 discedebatur
1401 3858 1437 3896 a
1477 3839 1660 3918 stirpe
1700 3839 1997 3916 Augu-ta:
2038 3855 2218 3914 quam
2245 3857 2427 3919 prae-

157 3937 380 4000 terea,
434 3942 589 3983 cum
629 3925 1005 4004 ceteroquin,
1047 3917 1174 3985 sato
1205 3923 1434 3986 functis
1465 3924 1958 4004 imperatoribus,
1992 3923 2275 3984 universa
2307 3943 2422 4004 pe—

154 4031 274 4074 nes
329 3968 526 4071 illam
556 4020 895 4071 remaneret
932 4030 1241 4092 supremae
1284 4009 1712 4071 dominationis
1751 4007 2111 4085 auctoritas,
2152 4030 2190 4069 a
2227 4011 2422 4110 possi·

150 4098 472 4160 dentium
499 4096 776 4158 manibus
801 4097 1057 4160 avellere
1080 4117 1196 4158 nec
1219 4105 1568 4177 promptum
1593 4115 1706 4156 nec
1731 4105 1937 4156 tutum
1964 4101 2111 4156 erat.
2195 4097 2282 4156 sic
2304 4096 2425 4157 im-

143 4202 423 4266 perasse
457 4180 575 4243 diu
598 4182 1120 4265 Constantinopoli
1143 4192 1207 4243 et
1227 4184 1605 4263 Trapezunte
1633 4201 1743 4264 per
1763 4182 2004 4262 longam
2026 4182 2169 4241 satis
2192 4183 2423 4262 generis

137 4271 387 4333 seriem
440 4268 790 4330 Comnenos
824 4270 1102 4350 legimus,
1136 4289 1396 4349 quorum
1418 4288 1562 4350 gens
1583 4269 1889 4348 praeclara
1909 4267 2060 4328 adeo
2089 4275 2152 4328 et
2170 4268 2423 4329 illustris

140 4356 383 4419 habita
414 4361 557 4429 est,
596 4364 667 4414 ut
696 4356 803 4435 qui
827 4356 1109 4440 deinceps
1131 4356 1650 4438 Constantinopoli
1677 4354 1911 4439 imperii
1929 4355 2174 4417 clavum
2199 4362 2418 4416 tenue-

230 4446 506 4521 Ns'ceph.
561 4443 755 4518 Bryon.
1923 4441 2004 4506 14
