3064 4890
541 353 701 403 mv
896 294 903 307 ’
1367 333 1486 404 ΒΕ
1534 334 1938 406 mmo,

539 506 820 590 rogenito
842 502 1066 571 dilecto
1094 504 1225 571 filio
1252 504 1407 588 eius,
1450 507 1868 573 serenissimis
1892 504 2431 598 imperatoriban
2477 508 2740 598 proinde

539 631 600 676 a.
625 611 770 677 Chr.
796 610 916 674 951
947 611 1014 673 in
1044 632 1165 696 quo
1189 612 1424 675 mentio
1447 612 1712 676 habetur
1761 610 2128 677 “Pandonis
2160 613 2399 694 clerici,
2441 614 2555 677 filii
2587 613 2740 680 Gin-

535 716 709 779 nami
736 714 1071 800 imperialis
1098 715 1358 802 spathae
1404 710 1546 802 ·”(id
1571 726 1671 778 est
1697 710 2074 804 spatharii)“
2122 714 2455 804 quondam,
2483 728 2544 781 et
2570 717 2766 789 iudi-„

537 818 631 883 cis
651 816 1073 888 Iuvenaciaes·
1173 839 1255 881 ex
1283 818 1503 904 quibus
1528 820 1919 906 perspicuum
1946 820 2136 883 etiam
2161 820 2233 881 fit
2261 816 2598 884 Cinnamus
2621 822 2738 884 sub

534 920 1008 1009 imperatoribus
1067 917 1765 1008 Constantinopolitanis
1821 923 1891 986 in
1933 919 2113 987 Italia
2159 924 2373 985 munia
2410 944 2540 986 non
2586 944 2740 989 con-

535 1021 868 1089 temnenda
912 1023 1182 1102 obiisse,
1232 1021 1400 1087 unde
1437 1036 1655 1111 postea
1701 1023 2303 1112 Constantinopolim
2343 1037 2407 1088 et
2434 1027 2504 1089 in
2530 1025 2739 1091 Thra-

537 1127 701 1191 ciam
729 1136 1178 1193 concesserunt.
1240 1129 1466 1214 quippe
1490 1138 1736 1214 praeter
1756 1126 2054 1191 Ioannem
2083 1126 2455 1193 Cinnamum
2481 1127 2740 1194 huiusce

535 1230 834 1294 historiae
861 1228 1252 1315 scriptorem,
1297 1230 1404 1315 qui
1427 1229 1704 1294 Manue’li
1725 1230 2083 1319 imperatori
2108 1231 2363 1310 mennit,
2405 1233 2739 1297 nonnullos

540 1332 702 1397 alios
745 1330 1083 1396 Cinnamus
1127 1344 1435 1396 memorat
1465 1331 1734 1397 Ioannes
1766 1330 2226 1396 Cantacuzenus
2261 1334 2370 1398 lib.
2401 1337 2441 1398 3
2491 1354 2624 1421 cap.
2648 1337 2740 1399 26

539 1436 624 1500 89
670 1433 755 1499 95
784 1445 847 1498 et
873 1434 958 1497 97
998 1454 1155 1519 quos
1195 1435 1310 1514 iis,
1361 1436 1466 1521 qui
1508 1436 1701 1518 vulgo
1724 1433 2038 1523 Ἄρχοντες
2065 1434 2492 1517 indigitantur,
2541 1437 2739 1501 flore·

538 1538 808 1624 hantque
834 1537 949 1600 sub
978 1534 1395 1619 Palaeologis‚
1443 1550 1760 1621 accenset,
1808 1550 1879 1603 ut
1903 1550 1969 1604 et
1992 1537 2266 1605 Michae’l
2291 1537 2529 1605 Psellus
2558 1540 2739 1605 hisce

540 1642 823 1706 versibus
852 1640 931 1700 ab
953 1638 1174 1704 Allatio
1200 1638 1465 1705 laudatis
1481 1662 1502 1703 ε

861 1748 993 1817 τοῖς
1016 1736 1084 1805 ἲν
1109 1742 1352 1807 πνέουσι
1383 1744 1487 1807 καὶ
1518 1741 2037 1825 συνουσιωμὲνοις,

864 1848 1279 1928 συγκλητικοῖς
1294 1892 1316 1924 ,
1356 1843 1614 1933 ἄρχουσι
1642 1852 1754 1929 τῆς
1781 1847 2116 1930 ἐκκλησίας,

861 1944 1174 2034 Βάρδαις,
1215 1949 1594 2035 Προκοπίοις
1620 1972 1684 2014 τε
1694 1995 1718 2027 ,
1766 1947 2103 2032 Κιννᾶμοις
2123 1947 2304 2015 πλέον
2348 1959 2465 2014 etc.

534 2066 622 2112 ex
662 2044 1102 2115 Ginnamorum
1133 2052 1318 2133 igitur
1346 2053 1544 2117 nobili
1572 2054 1724 2116 satis
1757 2064 1819 2117 et
1849 2055 2100 2139 antiqua
2125 2064 2310 2135 gente
2340 2063 2512 2117 ortus
2539 2047 2738 2116 loan-

534 2171 652 2214 nes
694 2148 1031 2217 Cinnamus
1068 2155 1231 2218 vixit
1274 2156 1389 2218 sub
1427 2153 1718 2219 Manuale
1763 2154 2081 2221 Gomneno
2097 2203 2115 2236 ,
2168 2157 2340 2220 cuius
2380 2176 2481 2219 res
2520 2168 2733 2236 gestes

531 2254 770 2339 aliquot
800 2256 982 2323 libris.
1004 2254 1293 2338 digessit,
1330 2255 1856 2344 quemadmodum
1878 2271 1943 2323 et
1965 2258 2219 2324 Ioannis
2243 2260 2535 2346 parentis.
2614 2255 2735 2322 sed

531 2353 787 2422 loannis
813 2361 1010 2424 vitam
1039 2361 1260 2424 leviter
1289 2363 1592 2448 unicoque
1621 2363 1777 2425 h‘bro
1806 2364 2193 2452 perstrinxit,
2236 2359 2429 2449 quod,
2478 2372 2549 2422 ut
2587 2362 2733 2449 ipse

531 2461 653 2540 ait,
699 2481 777 2526 eo
820 2464 1197 2551 imperante,
1248 2485 1322 2527 ae
1364 2464 1598 2529 nedum
1631 2467 1815 2554 plane
1855 2468 2000 2530 fatis
2037 2470 2280 2547 functo,
2330 2462 2610 2540 nondum
2645 2463 2731 2527 ad

530 2575 839 2630 maturam
883 2578 1149 2631 aetatem
1185 2570 1592 2654 pervenisset.
1692 2581 1758 2632 at
1798 2569 2106 2634 Manue‘lis
2142 2570 2470 2633 historiam
2507 2567 2590 2631 eo‘
2627 2568 2733 2631 ln—

530 2667 778 2732 bentius
816 2669 1202 2734 scribendam
1242 2673 1543 2758 suscepit,
1587 2670 1754 2758 quod
1789 2683 1853 2737 et
1880 2674 2109 2738 vixerit
2136 2672 2303 2735 illius
2346 2681 2580 2748 aetate,
2631 2671 2730 2734 ei-

531 2791 654 2856 que
696 2773 989 2837 meruerit
1030 2774 1108 2836 ab
1149 2775 1288 2861 ipsa
1326 2772 1739 2838 adolescentia
1756 2821 1774 2855 ,
1837 2787 1901 2838 et
1950 2776 2233 2862 plurimis
2287 2775 2354 2836 in
2403 2784 2730 2857 utramque

531 2874 951 2938 continentem
978 2876 1056 2938 ab
1085 2898 1164 2940 eo
1191 2879 1491 2965 susceptis
1519 2876 2016 2965 expeditionibus
2047 2877 2421 2955 interfuerim
2466 2872 2627 2939 adeo
2655 2887 2730 2940 ut

531 2977 847 3041 neminem
890 2980 1079 3041 alium
1126 2978 1353 3043 maiori
1398 3002 1538 3043 cum
1577 2979 1706 3044 fide
1736 2993 1798 3045 et
1832 2978 2145 3062 diligentia
2179 2976 2347 3042 istud
2376 2978 2582 3065 operis
2611 2998 2729 3060 ag-

531 3077 704 3159 gredi
733 3102 922 3167 posse
953 3083 1354 3147 existimaret.
1453 3084 1575 3146 buc
1608 3082 1934 3148 accedebat
1958 3081 2123 3169 quod
2151 3082 2347 3146 literis
2373 3103 2498 3145 non
2526 3079 2726 3145 modo

528 3180 1013 3263 humanioribus,
1067 3184 1177 3248 sed
1210 3187 1402 3250 ctiam
1432 3183 1667 3251 divinis
1688 3189 1966 3275 apprime
1992 3197 2157 3251 esset
2176 3187 2522 3264 instructus,
2570 3205 2725 3270 pro-

526 3283 797 3371 indeque
823 3288 1120 3352 historiae
1151 3287 1510 3353 scribendae
1534 3311 1829 3377 perquam
1849 3288 2133 3354 idoneus.
2231 3309 2412 3368 nam,
2461 3297 2531 3349 ut
2554 3288 2725 3349 Alla-

525 3388 603 3451 tii
629 3387 708 3452 de
723 3386 1007 3454 Cinnami
1034 3393 1345 3478 scriptoris
1368 3394 1715 3457 charactere
1734 3391 2030 3456 iudicium
2054 3391 2415 3479 appingam,
2458 3394 2727 3454 “auctor

528 3502 625 3554 est
671 3494 920 3574 elegans
966 3495 1024 3557 si
1067 3496 1204 3580 quis
1253 3491 1444 3574 alius,
1492 3497 1775 3560 formuEa
1822 3494 2068 3560 dicendi
2098 3495 2436 3582 peregrinis
2470 3481 2723 3579 saepius
2771 3567 2782 3590 ⁹

521 3595 741 3675 utitur,
784 3596 998 3678 figuris
1027 3617 1110 3660 ex
1136 3598 1551 3684 sophistarum
1577 3620 1762 3686 penu.
1839 3596 2083 3687 periodi
2104 3598 2198 3662 illi
2225 3597 2535 3675 concisae,
2578 3597 2722 3682 pla-

522 3717 673 3777 nae,
726 3699 848 3762 nisi
874 3720 1013 3763 cum
1039 3701 1505 3787 compositionis
1528 3703 1807 3767 novitate
1831 3712 2189 3789 asperantur
2210 3711 2273 3764 et
2296 3701 2716 3763 obscurantur.

523 3809 729 3863 totum
763 3822 862 3881 se,
931 3813 1002 3865 ut
1050 3804 1243 3867 verbo
1285 3804 1611 3883 extricem,
1679 3802 1756 3867 ad
1812 3804 2181 3893 Procopium
2221 3802 2554 3889 componit.
2653 3811 2721 3864 et

520 3901 749 3966 mirum
778 3915 875 3968 est
899 3903 1060 3968 inter
1082 3917 1177 3969 tot
1202 3906 1358 3970 alios
1382 3908 1747 3994 posterioris
1776 3907 2003 3970 saeculi
2027 3907 2353 3993 scriptores
2377 3906 2718 3968 tumultua-

519 4004 615 4069 rie
642 4006 709 4069 in
743 4003 1004 4071 dicendo
1031 4008 1472 4096 scribendoque
1511 4008 1873 4090 delirantes,
1915 4011 2086 4095 ,hunc
2107 4019 2346 4072 tantum
2376 4007 2717 4095 sapuisse-¹⁹

522 4105 814 4173 Ginnami
837 4131 990 4175 vero
1021 4112 1090 4174 in
1117 4115 1299 4176 rebus
1328 4114 1693 4195 theologicis
1729 4110 2139 4177 eruditionem
2170 4109 2562 4176 commendat
2588 4106 2714 4172 Ni·-

524 4222 694 4276 cetas
730 4211 1067 4278 choniates
1110 4214 1179 4276 in
1201 4212 1554 4281 Andronico
1579 4216 1877 4299 Tyranno
1910 4215 2018 4278 lib.
2044 4218 2088 4279 2
2110 4237 2175 4279 n.
2201 4214 2267 4293 6,
2306 4214 2476 4276 cuius
2517 4210 2713 4275 etiam

528 4314 842 4403 specimen
866 4337 995 4382 non
1019 4337 1210 4382 unum
1233 4318 1591 4386 inhiatoria
1622 4340 1734 4385 sua
1767 4315 2151 4409 suppeditat,
2200 4337 2342 4381 cum
2368 4313 2552 4380 deiis
2573 4309 2712 4377 dis-
