3064 4890
532 257 624 324 IN
644 255 1104 325 NIGEPHORI
1123 253 1527 325 BRmNn
1553 255 1915 324 GOMMEN
1916 256 1994 325 T.
2013 258 2319 326 NOTAE.
2421 260 2572 333 223

378 419 499 483 fuit
527 420 595 485 Δ.
626 421 809 487 1142.
890 442 929 481 a
962 420 1272 483 Bernardo
1300 420 1419 482 isto
1453 419 1832 483 aedificatum
1857 419 2161 485 castellum
2183 421 2249 484 in
2271 422 2573 505 Briganti-

377 506 492 567 bus
516 506 709 566 tradit
721 504 778 584 ¹)
812 506 1161 584 camdenus,
1198 506 1261 567 in
1286 506 1538 567 dioecesi
1564 508 1960 583 Dunelmensi,
1989 508 2070 569 ad
2097 508 2291 571 Tesim
2316 529 2566 589 amnem,

379 591 543 670 quod
571 612 607 650 a
636 592 946 653 conditore
970 592 1264 653 Bernardi
1307 601 1602 670 castrum,
1643 594 1965 653 vernacule
2004 602 2204 655 autem
2243 594 2567 657 Bernard-

385 677 590 738 Casae
633 687 1047 757 nuncupatum
1087 686 1194 738 est.
1276 677 1583 738 Bernardo
1609 675 1679 757 ²)
1731 698 1892 739 uxor
1937 678 2055 738 fuit
2099 678 2432 756 Mathildis,
2486 699 2567 742 ex

378 781 497 840 qua
521 761 738 823 liberos
758 762 998 823 sustulit
1042 762 1487 842 Ingerrannum,
1528 762 1865 843 Widonem,
1903 762 2285 827 Eustachium
2325 775 2389 826 et
2410 765 2561 827 Ber-
2592 772 2640 828 Ρ
2670 751 2864 830 218¹*

375 847 633 907 nardum
651 891 670 924 ,
708 858 1012 926 praeterea
1054 847 1404 908 Hatwildim
1454 848 1671 925 filiam,
1714 849 1803 914 uti
1847 856 2085 908 constet
2126 869 2203 909 ex
2247 850 2567 930 diplomate

374 931 605 993 Warini
631 933 887 1013 episcopi
913 932 1315 993 Ambienensis
1341 932 1416 1032 Δ..
1441 937 1624 1010 1138,
1651 954 1770 1013 quo
1794 934 2040 995 antistes
2058 933 2157 994 ille
2183 934 2566 998 donationem

375 1017 668 1162 :3333
696 1018 2097 1164 31„33:2232525.3³¹ss33122212532²1“m⁸“‘”ss
2113 1020 2564 1184 Ῥἓᾷἶῗιῗιῗ

369 1185 660 1248 Bernardi
696 1188 1011 1268 fratribus,
1062 1189 1187 1268 ipsa
1224 1187 1515 1248 Mathilde
1553 1189 1826 1268 coniuge,
1878 1189 2191 1266 liberisque
2229 1191 2563 1270 praedictis.

370 1281 568 1332 exstat
592 1270 655 1349 8)
691 1283 998 1353 praeterea
1021 1274 1280 1333 eiusdem
1300 1273 1590 1333 Bernardi
1610 1274 1774 1335 aliud
1802 1273 2062 1354 diploma
2082 1273 2318 1335 Parisiis
2347 1295 2577 1364 επινι-1

368 1366 499 1417 tum
539 1377 741 1418 coram
777 1360 1036 1439 Eugenio
1081 1379 1314 1419 summo
1362 1358 1645 1439 pontifice
1685 1368 1750 1418 et
1783 1378 1919 1438 rege
1953 1359 2240 1418 Franciae
2279 1361 2343 1421 in
2378 1360 2560 1421 domo

365 1443 574 1520 templi
617 1441 688 1504 Δ.
717 1445 879 1511 1146
916 1465 1035 1523 quo
1074 1444 1305 1505 reditus
1344 1443 1632 1522 quosdam
1675 1444 1738 1503 in
1775 1444 1980 1523 Augus
2004 1444 2293 1505 fratribus
2317 1445 2564 1505 militiae

364 1528 573 1606 templi
598 1527 876 1607 assignat,
919 1529 1278 1609 ingerranno
1302 1528 1428 1590 filio
1460 1529 1823 1589 concedente
1858 1539 1921 1589 et
1948 1530 2370 1590 consentiente.
2427 1529 2562 1591 'In-
2589 1598 2594 1605 ‚

356 1615 657 1691 gerranni
699 1614 920 1673 nullam
965 1615 1215 1693 amplius
1255 1614 1619 1674 mentionem
1662 1615 1793 1674 fieri
1843 1614 2158 1694 comperio.
2247 1610 2445 1675 Wido
2483 1611 2559 1692 ⁴)

362 1716 538 1774 vero,
580 1698 864 1758 Bernerdi
892 1699 1047 1759 filius
1072 1699 1253 1775 alter,
1295 1699 1615 1759 subscribit
1635 1698 1897 1778 diploma
1926 1699 2166 1759 Henrici
2190 1698 2218 1759 1
2245 1699 2399 1779 regis
2428 1696 2558 1761 An-

360 1782 508 1861 gliae
540 1803 651 1861 pro
681 1785 742 1842 S.
768 1784 1033 1844 Vulmari
1061 1784 1418 1844 monasterio
1446 1785 1513 1844 in
1547 1784 1902 1844 Bononiensi
1935 1786 2238 1844 comitatu.
2319 1785 2557 1844 Eusta-

361 1865 491 1926 chii
538 1866 999 1944 ⁶)‚.Bemardi
1056 1868 1304 1949 perinde
1356 1868 1495 1946 filii,
1549 1869 1819 1929 meminit
1867 1868 2079 1929 charta
2118 1868 2354 1929 loannis
2402 1866 2558 1947 regin

357 1951 600 2031 Angliae
653 1951 717 2011 in
773 1952 1098 2015 Monostico
1146 1953 1484 2033 Anglicauo.
1567 1953 1932 2014 Bernardus
1970 1954 2252 2034 denique,
2306 1952 2556 2014 ultimus

354 2036 646 2097 Bernardi
670 2037 697 2095 1
732 2036 925 2114 filius,
961 2059 1075 2117 pro
1103 2037 1362 2099 Henrico
1388 2038 1438 2097 11
1470 2037 1714 2118 Angliae
1737 2058 1873 2118 rege
1900 2047 2113 2100 contra
2134 2036 2371 2098 eosdem
2401 2040 2555 2098 Sco-

356 2131 453 2182 tos
488 2121 792 2182 dimicavit
819 2122 930 2182 sub
956 2124 1027 2183 A.
1060 2123 1243 2199 1174,
1277 2123 1367 2184 uti
1387 2123 1659 2203 produnt
1684 2125 1952 2202 Rogerus
1970 2123 2335 2185 Hovedeuus
2363 2130 2427 2181 et
2451 2122 2552 2183 Io-

356 2226 539 2277 annes
571 2209 1002 2287 Bromptouus,
1047 2209 1148 2286 qui
1176 2207 1482 2268 Bernerdo
1511 2210 1637 2268 νίνί
1667 2209 1893 2268 nobilis
1917 2218 1974 2266 et
2005 2208 2393 2287 magnanimi
2418 2205 2550 2265 elo-

352 2293 514 2371 gium
566 2291 797 2352 tribuit.
882 2292 1253 2353 Bernardum
1302 2291 1467 2351 hunc
1511 2312 1549 2350 a
1587 2291 1788 2371 priore
1827 2292 2129 2352 diversum
2172 2308 2296 2350 esse
2334 2288 2549 2351 suadet

352 2386 687 2457 temporum
712 2376 899 2451 ratio,
942 2377 1107 2456 quod
1141 2378 1319 2436 etiam
1345 2375 1539 2456 arguit
1561 2376 1852 2437 Bernardi
1871 2376 1927 2436 11
1959 2376 2254 2457 diploma,
2294 2393 2415 2453 quo
2443 2393 2547 2434 ec-

352 2463 553 2524 clesias
592 2463 670 2522 de
703 2462 952 2523 Castello
976 2463 1265 2524 Bernardi
1297 2471 1360 2522 et
1392 2461 1469 2522 de
1497 2460 1805 2523 Mdeltun
1841 2471 2081 2524 sanctae
2121 2458 2346 2523 Mariae
2380 2460 2545 2521 Ebo-
2598 2491 2609 2500 ·

350 2547 579 2609 recensi
606 2549 966 2609 monasterio
988 2547 1293 2627 concedit,
1336 2568 1496 2627 quae
1531 2559 1790 2628 tempore
1810 2551 2021 2629 patris
2049 2548 2371 2625 suifiu‘oee
2396 2556 2546 2605 tan-

350 2645 485 2694 tum
524 2633 794 2711 capellae
834 2633 935 2699 ait.
1020 2653 1098 2693 ex
1136 2632 1229 2692 his
1269 2633 1427 2692 enim
1465 2633 1654 2710 liquet
1696 2653 1818 2693 non
1860 2635 1934 2694 ab
1968 2633 2074 2692 illo
2103 2630 2411 2692 conditum
2438 2649 2544 2689 ce-

346 2727 546 2778 strum
570 2718 890 2793 Bernardi,
929 2718 1037 2777 sed
1065 2740 1099 2779 a
1122 2726 1398 2798 parente,
1443 2737 1622 2796 quem
1654 2718 1915 2780 abavum
1950 2716 2189 2777 Ioannis
2227 2717 2544 2776 Scotorum

346 2804 499 2881 regis
523 2812 701 2863 vocat
728 2802 1077 2864 Camdenus.
1136 2803 1474 2863 floruerunt
1498 2813 1805 2882 praeterea
1834 2804 1898 2863 in
1925 2801 2134 2879 Anglia
2171 2800 2288 2860 ista
2332 2800 2540 2874 ferme,

348 2907 465 2966 qua
489 2888 827 2948 Bel-nardus
849 2888 935 2966 II,
982 2897 1331 2969 tempestate
1371 2888 1628 2947 illustres
1654 2887 1881 2967 aliquot
1916 2905 1993 2947 ex
2017 2886 2340 2946 Balliolana
2364 2892 2541 2963 geute

345 2972 493 3047 viri,
535 2993 684 3051 quos
732 2974 808 3032 ab
852 2974 1058 3034 eodem
1107 2973 1332 3053 stipite,
1374 2971 1492 3031 hoc
1526 2981 1644 3049 est,
1688 2993 1722 3032 a
1745 2972 2053 3033 Ber-nardo
2085 2972 2113 3030 1
2146 2970 2244 3032 vel
2271 2969 2472 3049 potius
2499 2987 2538 3027 a

344 3058 637 3118 Bet-nardi
673 3068 950 3137 parente,
993 3068 1313 3138 prognatos
1357 3058 1645 3118 coniicere
1687 3067 1808 3119 estz
1860 3058 2148 3120 osbertus
2187 3051 2259 3136 ⁶)
2302 3071 2533 3133 nempe,

344 3143 448 3221 qui
503 3143 613 3204 sub
664 3143 919 3222 Rogerio
960 3141 1329 3204 warvicensi
1385 3144 1600 3202 comite
1653 3144 1895 3221 floruit,
1958 3141 2365 3216 Guillelmue,
2420 3136 2533 3197 sub

344 3229 623 3289 Tamtino
649 3228 1001 3290 Eboracensi
1025 3231 1319 3303 antistite,
1363 3227 1695 3288 lescelinus
1716 3229 1967 3306 denique
1991 3234 2052 3285 et
2082 3223 2216 3286 Odo
2247 3221 2322 3282 de
2339 3222 2534 3282 Bail-

341 3313 486 3374 leue.
570 3314 916 3374 lescelinum
952 3312 1020 3391 ⁷)
1064 3335 1200 3375 cum
1240 3313 1447 3374 ceteris
1483 3312 1724 3392 Angliae
1764 3311 2136 3394 proceribus,
2200 3309 2306 3385 qui
2340 3306 2533 3367 avit-s

338 3397 697 3476 Anglorum,
738 3408 811 3459 ut
833 3400 1234 3480 appellabant,
1277 3399 1718 3458 observationes
1739 3400 2061 3459 tuebantur
2080 3394 2308 3469 scrius,
2349 3391 2530 3451 sacris

337 3481 653 3542 interdixit
700 3482 762 3545 d.
803 3484 1061 3545 Thomas
1102 3483 1535 3545 Cantusriensis
1576 3485 2069 3566 archiepiscopus.
2161 3485 2529 3537 memoratur

337 3566 439 3626 ille
485 3567 550 3627 in
595 3567 813 3629 tabulis
858 3570 1085 3650 aliquot
1126 3569 1279 3650 regis
1319 3568 1562 3630 Homini
1599 3569 1652 3631 11
1703 3572 1772 3631 in
1815 3566 2144 3632 monastico
2181 3561 2526 3643 Anglicano.

473 3854 546 3920 1)
581 3853 639 3905 In
664 3852 794 3906 Brit.

468 3924 543 3984 2)
579 3921 813 3975 Biblioth.
838 3921 989 3975 Clun.

467 3990 504 4044 8
577 3990 726 4042 Tom.
752 3993 788 4045 2
810 3990 1031 4043 Monast.
1050 3991 1250 4061 Anglic.
1328 4025 1337 4034 ·

466 4058 503 4111 4
570 4058 718 4111 Tom.
746 4059 774 4113 1
799 4068 854 4113 et
872 4062 907 4114 2
928 4059 1149 4115 Monast.

469 4125 503 4179 5
579 4128 725 4180 Tom.
748 4130 785 4182 2
841 4167 855 4181 .
879 4128 998 4186 510.

467 4195 505 4248 6
576 4196 725 4248 Tom.
747 4200 783 4251 2
840 4197 946 4250 ion.

468 4263 542 4334 ⁷)
579 4263 724 4320 loen.
748 4265 943 4323 Sari-b.
964 4263 1223 4338 Rp.159,
1254 4265 1390 4320 aad.
1411 4263 1478 4320 de
1499 4262 1702 4331 niceto,
1733 4259 1940 4317 Hoved.
1963 4259 2153 4318 an.
2176 4258 2238 4314 A.
2268 4254 2418 4312 1167.
