3064 4890
452 249 581 302 vm
1358 228 1432 297 G.
1478 226 1744 299 TOLLI

459 401 685 469 decora
719 399 1205 497 praeferentibus
1248 401 1525 490 patronis
1554 401 1749 465 cultor
1772 422 1902 465 non
1929 420 2148 489 parcus
2162 446 2181 480 ,
2231 420 2346 464 nec
2386 408 2658 464 temera-

458 509 589 573 rius
608 554 625 586 ,
677 506 938 569 litarem.
1037 504 1188 592 quid
1230 508 1400 569 enim
1443 526 1585 569 esse
1630 506 2027 586 magnificum
2069 505 2137 567 in
2156 505 2405 593 ,iuvene
2448 514 2658 590 potest

459 612 575 677 vix
614 610 880 696 primam
927 619 1195 672 aetatem
1225 609 1508 672 ferente?
1560 628 1717 694 quae
1749 609 2040 671 ubertas?
2092 605 2259 692 quod
2290 606 2657 687 ingenium?

458 733 620 800 quae
650 711 1035 809 eloquentiae
1069 712 1214 776 vis?
1280 732 1437 799 quae
1478 709 1745 796 denique
1784 708 2119 773 inducendi
2160 710 2436 772 muneris
2466 709 2661 789 gratia

461 817 841 900 comitasque
876 815 1220 880 orationis?
1320 816 1477 878 haec
1520 812 1670 877 dum
1720 834 1824 877 me
1865 835 2008 877 cura
2048 824 2111 877 et
2155 809 2501 877 sollicitudo
2543 812 2665 875 cir-

461 929 755 996 cumstat,
817 931 1175 998 magnates3
1265 916 1416 980 dum
1456 919 1793 980 carceribus
1825 918 2025 1002 'quasi
2068 913 2324 1003 pudoris
2371 915 2663 995 inclusus,

460 1021 852 1086 occasionem
898 1021 1156 1101 anhelo,
1227 1018 1311 1083 ad
1368 1042 1556 1107 quam
1608 1022 1781 1085 velut
1838 1018 1986 1083 dato
2043 1020 2222 1100 signo
2276 1029 2338 1080 et
2383 1018 2664 1081 libertate

457 1125 847 1214 prosilirem3
897 1136 1350 1211 peropportune
1381 1125 1446 1187 in
1481 1144 1703 1188 manus
1735 1135 1981 1187 nostras
2007 1123 2181 1187 venit
2209 1120 2478 1186 Ioannes
2513 1118 2666 1184 Cin·

459 1247 713 1306 namus,
775 1238 986 1291 vetere
1019 1248 1169 1290 sane
1204 1226 1464 1292 Graecia
1502 1225 1904 1307 dignissimus
1941 1225 2170 1302 hom03
2242 1244 2425 1309 quem
2473 1224 2664 1286 latina

461 1351 624 1393 nunc
669 1329 860 1392 etiam
897 1341 1043 1410 toga
1080 1328 1368 1392 indutum
1386 1377 1404 1409 ,
1473 1349 1707 1416 proque
1751 1329 1986 1410 ingenii
2034 1328 2164 1390 mei
2206 1325 2461 1390 modulo
2498 1326 2665 1389 notis

462 1432 850 1512 illustratum,
902 1434 1074 1496 velut
1100 1434 1383 1496 omnium
1414 1433 1780 1512 officiorum,
1826 1450 2003 1516 quae,
2055 1432 2116 1494 si
2136 1438 2408 1516 possem,
2464 1408 2668 1493 liben-

463 1535 709 1599 tissime
756 1537 1144 1598 exsolverem
1158 1583 1177 1614 ‚
1222 1535 1753 1622 promtissimique
1790 1535 1987 1596 animi
2027 1535 2250 1620 pignus
2291 1543 2354 1595 et
2393 1533 2672 1612 signato-

463 1658 627 1716 rem,
677 1635 1088 1718 magnitudini
1115 1649 1361 1703 vestrae
1390 1634 1864 1723 nuncupandum
1896 1638 2127 1700 censui.
2194 1656 2418 1699 vereor
2442 1646 2670 1715 autem,

465 1739 840 1804 inclitissimi
868 1761 1180 1827 proceres,
1232 1762 1314 1804 ne
1349 1741 1555 1803 alieno
1584 1761 1745 1803 nunc
1774 1752 2056 1826 tempore
2092 1736 2528 1802 incommodus
2556 1739 2671 1802 ob-

467 1863 713 1920 verser3
765 1864 889 1929 quo
923 1844 1106 1906 trucis
1139 1844 1371 1907 scilicet
1404 1855 1468 1906 et
1496 1864 1653 1906 mox
1681 1844 2028 1907 saeviturae
2057 1841 2443 1928 tempestatis
2476 1842 2671 1904 nubes

469 1945 811 2026 consurgit,
865 1946 1212 2030 bellumque
1260 1958 1322 2009 et
1352 1967 1525 2010 arma
1568 1946 1754 2010 nobis
1791 1968 1922 2009 non
1963 1946 2099 2009 sine
2134 1956 2309 2008 motu
2345 1965 2573 2025 magno
2602 1965 2673 2006 ac

468 2049 742 2136 pernicie
785 2049 1029 2128 generis
1078 2049 1338 2113 humani
1384 2048 1747 2129 decernunt,
1818 2050 2041 2134 quibus
2089 2049 2249 2112 nihil
2291 2048 2488 2111 sancti
2532 2068 2674 2111 esse

470 2161 749 2237 oportet,
798 2173 925 2214 non
955 2150 1183 2231 fidem,
1233 2175 1361 2216 non
1387 2154 1717 2239 pietatem,
1770 2174 1895 2214 non
1920 2153 2319 2233 religionem:
2371 2152 2477 2236 qui
2505 2152 2672 2214 nullo

471 2250 581 2316 dei
638 2253 1037 2334 immortalis,
1122 2257 1290 2318 nullo
1350 2255 1630 2319 eiusdem
1690 2255 2017 2318 nobiscum
2082 2253 2233 2317 fidei
2288 2254 2673 2333 sacramenti,

470 2356 642 2418 nullo
670 2356 1153 2420 arctissimomm
1184 2357 1511 2423 foederum
1542 2358 1756 2421 habito
1790 2370 2101 2445 respectu,
2129 2359 2311 2421 nobis
2336 2369 2478 2420 ante
2511 2357 2674 2420 alios

470 2459 679 2539 legem
715 2458 1003 2524 odiorum
1035 2460 1307 2527 dicentes
1328 2510 1346 2542 ,
1399 2465 1645 2526 animae
1673 2462 1922 2549 imperii
1951 2463 2149 2526 nostri
2179 2464 2364 2524 funus
2397 2482 2469 2524 ac
2497 2472 2678 2524 tene-

473 2561 619 2626 bras
670 2563 1065 2627 minitanturz
1143 2566 1251 2651 qui
1303 2565 1463 2628 nihil
1514 2563 1946 2644 concedendo,
2022 2566 2184 2628 nihil
2226 2576 2338 2648 totn
2360 2564 2677 2649 obsequiis

474 2664 745 2745 mitigati
758 2712 775 2744 ,
840 2667 1116 2730 acerbius
1161 2689 1231 2732 se
1275 2681 1338 2732 et
1375 2669 1821 2732 intolerabilius
1875 2669 1946 2731 in
1995 2665 2131 2731 dies
2179 2677 2430 2747 geruntz
2519 2686 2676 2749 quos

476 2765 646 2853 apud
679 2768 837 2830 nihil
860 2770 1154 2855 patientia
1182 2772 1552 2858 profecistis,
1601 2772 1728 2835 nisi
1755 2784 1825 2832 ut
1845 2771 2147 2851 graviora,
2198 2781 2262 2832 et
2289 2788 2445 2853 quae
2475 2761 2678 2832 Marte

479 2870 623 2950 cogi
651 2891 777 2932 non
804 2873 1095 2957 possetis,
1145 2886 1439 2959 tanquam
1469 2895 1555 2938 ex
1577 2874 1747 2937 sacili
1777 2874 2177 2937 tolerantibus
2205 2872 2679 2958 imperaverint:

479 2972 704 3057 quibus
729 2969 995 3058 denique
1019 2976 1314 3040 intestino
1340 2999 1452 3041 suo
1482 2978 1645 3041 bello
1673 2977 2001 3063 occupatis,
2022 2997 2138 3039 nos
2159 2996 2441 3039 summae
2458 2972 2682 3038 foede-

481 3094 625 3137 rum
653 3075 970 3156 religionis
998 3098 1309 3142 memores
1343 3081 1724 3165 quievimus,
1789 3080 1882 3142 uti
1921 3077 2221 3143 adversus
2268 3099 2499 3144 vacuos
2543 3077 2683 3140 iam

483 3187 552 3239 et
600 3178 755 3241 novi
802 3179 1006 3265 operis
1031 3183 1358 3244 materiam
1383 3194 1744 3268 quaerentes
1760 3228 1779 3262 ,
1830 3183 2035 3245 maius
2068 3182 2387 3263 negotium
2417 3181 2684 3245 habere-

482 3298 649 3345 mus.
690 3301 820 3344 non
851 3278 957 3344 diu
990 3283 1197 3369 itaque
1227 3283 1694 3349 deliberandum
1722 3287 1846 3349 hoc
1873 3297 2154 3372 tempore
2186 3285 2334 3363 fuit,
2387 3305 2470 3347 an
2496 3284 2683 3362 iusta,

485 3401 571 3443 an
598 3385 945 3447 necessaria
978 3405 1150 3450 arma
1175 3386 1546 3453 indueretist
1594 3400 1664 3450 ut
1698 3386 2183 3453 deliberaveritis
2214 3400 2423 3451 tamen
2437 3433 2454 3466 ,
2499 3387 2686 3451 iusti-

484 3484 616 3547 tiae
661 3495 725 3548 et
750 3486 1086 3573 patientiae
1113 3502 1360 3555 vestrae
1395 3493 1512 3555 fuit
1530 3539 1549 3571 ,
1601 3490 1923 3578 hostisque
1955 3502 2020 3555 et
2050 3493 2296 3553 fortuna
2324 3490 2542 3576 populi
2566 3509 2685 3553 ve-

490 3585 605 3650 stri
633 3607 952 3656 monuere.
1052 3594 1231 3658 testis
1267 3595 1383 3658 erit
1421 3595 1749 3659 universus
1781 3615 1929 3675 ergo
1955 3606 2254 3657 terrarum
2285 3593 2454 3656 orbis
2472 3639 2492 3672 ‚
2542 3613 2682 3672 vos,

487 3699 587 3753 tot
620 3692 884 3779 acceptis
913 3693 1188 3775 iniuriis,
1239 3718 1392 3782 quas
1424 3718 1623 3782 aequo
1654 3698 1865 3760 animo
1891 3697 2156 3773 tulistis;
2217 3697 2448 3760 totiens
2480 3706 2685 3759 tenta-

489 3791 574 3856 tis
607 3793 1009 3879 nequicquam
1038 3799 1211 3885 pacis
1238 3798 1728 3878 conditionibu33
1792 3822 1920 3863 non
1961 3822 2074 3887 pro
2123 3798 2373 3878 decore,
2427 3796 2540 3862 sed
2569 3818 2686 3885 pro

492 3896 724 3974 salute3
774 3918 904 3961 non
933 3921 1045 3986 pro
1074 3921 1243 3965 vano
1271 3903 1529 3967 honoris
1555 3914 1663 3966 aut
1693 3900 1959 3965 dominii
1991 3903 2186 3981 titulo,
2239 3900 2355 3965 sed
2385 3902 2685 3979 libertate,

489 3994 608 4062 sed
648 4000 910 4063 fortunis
950 4005 1175 4067 vestris
1189 4052 1207 4084 ,
1272 4026 1498 4092 purum
1540 4006 1834 4092 piumque
1873 4007 2102 4068 bellum
2146 4005 2476 4091 suscipere.
2576 4002 2687 4065 ubi

489 4122 651 4163 nunc
698 4101 884 4182 igitur
926 4104 1191 4171 invictus
1221 4108 1325 4171 ille
1354 4109 1651 4172 hactenus
1681 4107 2012 4189 Belgarum
2040 4108 2282 4173 animus
2300 4109 2332 4169 ’ἑ
2384 4105 2490 4168 ubi
2521 4103 2689 4168 inte-

488 4221 601 4284 gra
642 4204 750 4268 illa
794 4215 860 4269 et
900 4204 1241 4275 immobilis
1278 4211 1522 4278 virtus?
1586 4212 1693 4277 ubi
1731 4231 1939 4292 arma,
2010 4211 2231 4298 quibus
2277 4221 2372 4274 tot
2410 4208 2691 4276 hostium
