3064 4890
841 1089 1057 1199 AD
1159 1026 2082 1201 LECTOREM,

1256 1359 1673 1374 m

346 1556 671 1663 Exsolvo
729 1618 895 1660 nunc
948 1596 1245 1686 promissi
1294 1592 1518 1678 fidem,
1589 1616 1776 1683 quam
1813 1608 1958 1662 ante
2003 1595 2322 1661 biennium
2340 1642 2358 1675 ,
2422 1612 2566 1658 cum

347 1698 802 1788 Palaephatum
844 1699 1124 1783 ederem,
1165 1700 1245 1767 de
1274 1699 1647 1790 publicando
1680 1703 1870 1766 etiam
1905 1700 2209 1767 Cinnamo
2241 1697 2418 1778 dedi,
2443 1700 2572 1761 ‘le-·

348 1816 486 1868 ctor
508 1807 709 1868 amice
735 1816 800 1869 et
823 1805 1149 1871 benevole.
1250 1808 1510 1894 scriptor
1531 1806 1621 1886 is,
1667 1827 1779 1869 seu
1805 1808 2044 1887 regius,
2088 1816 2158 1868 ut
2182 1826 2251 1868 se
2277 1805 2414 1891 ipse
2438 1820 2570 1866 voa

345 1919 480 1989 cat,
541 1907 1033 1991 Grammaticus,
1094 1912 1399 1973 memoria
1439 1931 1591 1974 sane
1635 1921 1698 1972 et
1733 1911 2095 1998 posteritate
2141 1907 2563 1989 dignissimus,

346 2013 555 2075 vitam
581 2010 838 2077 Ioannis
866 2012 1198 2094 comneni,
1233 2014 1626 2101 imperatoris
1653 2010 2349 2100 Constantinopolitani‚
2385 2009 2565 2073 brevi

348 2114 731 2202 compendio
766 2116 1053 2181 tradidit:
1103 2115 1218 2181 sed
1258 2118 1592 2205 imperium
1636 2136 1709 2179 ac
1751 2138 1851 2181 res
1903 2127 2109 2198 gestas
2155 2114 2271 2178 fflii
2320 2114 2455 2177 eius
2498 2120 2568 2175 et·

348 2221 732 2284 successoris
780 2218 1120 2302 Manue’lis,
1180 2221 1279 2284 cui
1320 2242 1437 2310 per
1473 2220 1687 2284 Asiam
1731 2232 1913 2307 atque
1954 2219 2270 2308 Europam
2309 2215 2566 2281 bellanti

348 2321 720 2388 adolescens
763 2321 1104 2389 admodum
1143 2345 1352 2389 comes
1384 2323 1612 2403 adfuit,
1655 2324 1827 2387 cuius
1861 2327 2021 2387 sacta
2051 2325 2341 2411 pleraque
2371 2320 2567 2385 oculis

350 2427 487 2491 suis
515 2425 709 2508 vidit,
745 2428 933 2511 longa
956 2428 1117 2494 serie
1144 2440 1502 2517 prosecutus
1529 2434 1646 2493 est.
1749 2426 1936 2493 dictio
1966 2428 2100 2493 eius
2126 2448 2279 2516 pura
2307 2447 2378 2489 ac
2402 2436 2567 2488 tersa

352 2531 541 2611 satis,
582 2531 890 2597 Herodoti
904 2580 922 2613 ,
961 2531 1410 2621 Xenophontis
1426 2579 1447 2612 ‚
1487 2534 1869 2619 aliorumque
1901 2532 2134 2597 veteris
2168 2529 2464 2597 Graeciae
2496 2529 2566 2591 in

353 2632 614 2698 historia
641 2636 1019 2724 principum,
1067 2637 1344 2700 aemula:
1395 2645 1465 2698 ut
1487 2636 1594 2700 vel
1618 2635 1737 2697 hac
1765 2637 1969 2700 solum
1997 2635 2226 2699 virtute
2251 2619 2566 2697 immenso*

345 2747 504 2824 post
550 2759 621 2802 se
676 2740 882 2827 spatio
906 2769 922 2782 ·
942 2739 1245 2826 relinquat
1294 2736 1559 2821 Glycam
1575 2785 1593 2818 ,
1663 2736 2134 2804 Constantinum
2183 2737 2561 2815 manassem,

345 2839 653 2905 Tzetzem
667 2890 686 2921 ‚
722 2841 1091 2908 Choniatem
1113 2843 1398 2908 Nicetam
1412 2890 1431 2922 ,
1472 2854 1538 2907 et
1560 2842 1666 2929 qui
1691 2843 1801 2905 alii
1825 2843 1964 2907 eius
1986 2862 2176 2921 aevo,
2222 2852 2330 2905 aut
2352 2840 2561 2927 paullo

345 2954 530 3029 post,
582 2945 879 3034 scripsere
922 2944 1159 3010 tumidi
1180 2947 1470 3011 homines
1501 2958 1568 3009 et
1598 2946 1919 3011 salebrosi.
2017 2944 2211 3009 fidem
2239 2945 2559 3033 profitetur

340 3046 796 3136 incorruptam,
863 3049 999 3113 sine
1038 3071 1248 3114 amore
1289 3050 1681 3136 cuiusquam,
1744 3051 1882 3113 sine
1934 3047 2119 3129 odio;
2184 3065 2558 3134 quamquam

340 3149 763 3231 indulgentior
781 3152 957 3217 visus
981 3166 1079 3217 est
1105 3152 1473 3239 quibusdam
1495 3155 1566 3217 in
1593 3151 1901 3217 laudando
1927 3150 2249 3231 Manue'le,
2294 3149 2556 3238 deprae-

340 3250 738 3340 dicandoque
772 3256 1015 3338 magnis
1057 3258 1226 3320 ausis
1240 3304 1259 3338 ‚
1311 3278 1500 3344 saepe
1553 3258 1744 3320 etiam
1773 3257 2118 3320 temerariis
2132 3304 2150 3335 ,
2201 3265 2555 3343 promptum

339 3356 485 3421 eius
527 3359 843 3438 animum3
891 3381 1032 3422 cum
1068 3371 1279 3423 tamen
1313 3361 1473 3422 hanc
1513 3379 1555 3421 a
1599 3381 1669 3423 se
1716 3371 1779 3423 et
1818 3360 2095 3448 principe
2133 3368 2556 3422 suo.avertere

338 3460 772 3548 suspicionem
812 3474 1093 3543 conetur,
1142 3462 1441 3550 producta
1480 3461 1563 3525 ad
1596 3464 1952 3550 exemplum
1978 3460 2310 3526 Alexandri
2340 3457 2560 3539 Magni

339 3573 412 3625 et
457 3564 837 3649 reliquorum
876 3564 1133 3629 audacia
1148 3614 1167 3645 ‚
1220 3567 1327 3653 qui
1369 3567 1566 3648 gloria
1609 3568 1835 3630 sublati
1849 3615 1865 3646 ,
1916 3567 2182 3653 pericula
2210 3564 2278 3627 in
2307 3563 2560 3651 praeliis

343 3686 463 3728 sua
494 3688 664 3747 esse,
715 3690 845 3732 non
875 3670 1143 3732 militum
1158 3716 1176 3748 ,
1227 3670 1574 3734 voluerunt.
1677 3668 1973 3755 quidquid
2012 3670 2092 3732 sit
2107 3715 2123 3746 ,
2160 3669 2364 3742 ,habes
2398 3676 2559 3729 certe

342 3780 592 3832 erutum
614 3772 886 3835 tenebris
915 3793 986 3835 ac
1014 3793 1252 3836 carcere
1279 3793 1463 3837 caeco
1495 3772 1785 3837 omnibus
1818 3772 2175 3858 aequalibus
2206 3772 2458 3852 ingenio
2499 3778 2566 3831 et

344 3872 622 3936 claritate
650 3895 764 3937 sua
786 3877 1238 3961 praelucentem
1266 3876 1661 3964 scriptorem3
1713 3888 1776 3938 et
1790 3924 1806 3955 ,
1861 3873 2027 3961 quod
2055 3876 2247 3938 habes
2263 3921 2281 3953 ,
2332 3873 2562 3954 gratias

343 3974 469 4037 hoc
499 3996 651 4056 ages
678 3978 934 4041 nomine
974 3977 1315 4043 industriae
1346 3992 1408 4043 et
1446 3977 1796 4042 liberalitati
1839 3978 2210 4066 amplissimi
2246 3988 2429 4062 atque
2460 3975 2564 4037 in-

344 4077 479 4139 cliti
505 4079 780 4143 nominis
804 4082 928 4144 viri
952 4080 1213 4148 ISAAGI
1234 4081 1554 4162 VOSSII‚
1607 4083 1712 4167 qui
1745 4104 1889 4146 eum
1913 4103 1949 4145 e
1979 4079 2191 4146 codice
2218 4079 2562 4143 Vaticanae

348 4179 761 4245 bibliothecae
783 4185 1158 4272 exscriptum
1182 4186 1523 4250 maioribus
1558 4182 1861 4251 distentus
1890 4186 2050 4249 curis
2076 4183 2264 4261 mihi,
2316 4194 2384 4245 ut
2408 4181 2564 4245 iuris

350 4284 614 4349 facerem
660 4286 889 4374 publici
903 4336 922 4367 ‚
972 4285 1263 4354 donavit:
1312 4309 1528 4353 meum
1560 4288 1619 4350 si
1649 4288 1717 4352 in
1746 4286 2045 4353 vertendo
2076 4283 2561 4369 illustrandoque

348 4382 621 4454 studium
650 4386 846 4457 modo
873 4391 1199 4475 agnoveris
1213 4440 1235 4474 ,
1274 4393 1556 4484 amplum
1578 4393 1731 4459 satis
1764 4387 2094 4460 collocatae
2126 4408 2351 4479 operae
2375 4406 2558 4476 prae-
