3064 4890
608 323 761 394 202
1002 328 1011 347 ·
1291 315 1607 386 cinon
1655 317 1796 414 mr
1827 315 2152 384 FRESNE

609 495 762 550 runt
800 480 1089 566 Augusti,
1152 482 1580 543 Comneuicum
1616 478 1948 542 identidem
1993 498 2320 562 cognomen
2348 479 2460 541 sibi
2494 481 2808 562 arrogarint

612 572 984 651 familiaeque
1026 588 1168 630 suae
1211 568 1638 628 admiscuerint
1672 567 2151 645 cognominibus,
2195 587 2317 646 quo
2357 566 2491 627 iura
2526 566 2647 627 ad
2629 586 2810 648 impo—

612 659 774 721 rium
818 678 897 718 ex
929 654 1321 736 usurpatione
1352 653 1672 713 aliundeve
1691 652 1802 712 sibi
1829 654 2093 731 quaesita
2119 653 2308 714 veluti
2334 670 2411 711 ex
2439 654 2809 713 Comuenicae

611 742 895 813 familiae,
957 742 1127 801 cuius
1169 758 1248 799 ex
1284 738 1523 801 diutina
1573 738 1939 838 possessione
1997 756 2122 798 esse
2158 737 2511 814 videbatur,
2564 734 2811 836 legitima

610 829 980 891 successione
1033 825 1364 886 firmarent.
1452 844 1591 883 cum
1638 823 1826 904 igitur
1871 786 2594 905 Constantinopolitanum
2630 824 2813 904 imps-

612 916 772 976 rium
809 931 1005 992 neque
1045 931 1123 970 ex
1159 910 1674 989 consanguinitate
1715 927 1911 988 neque
1950 909 2272 987 electione,
2314 909 2421 968 sed
2452 928 2529 968 ex
2562 908 2815 988 quodam

613 1020 692 1060 ex
731 1007 993 1077 utraque
1026 996 1224 1057 mixto
1264 996 1401 1056 iure
1448 994 1814 1069 deferretur,
1874 995 2071 1073 magni
2121 1004 2324 1056 tamen
2373 993 2550 1054 fuisse
2591 1004 2818 1055 constat

610 1084 900 1148 momenti
929 1083 1008 1142 ad
1035 1081 1192 1142 illud
1219 1080 1704 1160 consequendum
1737 1087 1845 1141 aut
1865 1098 2009 1139 sane
2041 1079 2120 1139 ad
2144 1080 2591 1160 usurpationem
2628 1080 2817 1159 legiti-

612 1190 746 1231 mae
771 1168 1159 1230 successionis
1182 1168 1316 1227 velo
1344 1166 1772 1247 obtegendam,
1812 1174 2128 1245 paternam
2155 1175 2216 1225 et
2238 1165 2588 1226 familiarem
2612 1164 2820 1226 haere—

615 1257 883 1317 ditatem.
966 1253 1151 1314 huius
1183 1262 1345 1313 certe
1385 1252 1578 1333 specie
1617 1261 1680 1311 et
1720 1251 1851 1311 iure
1892 1251 2171 1311 Alexium
2207 1271 2480 1312 socerum
2506 1272 2542 1310 a
2569 1251 2820 1312 violenta

615 1341 839 1423 sceptri
878 1340 1272 1419 occupatione
1308 1356 1565 1421 purgare
1599 1345 1856 1397 conatur
1891 1326 2078 1397 hocce
2111 1337 2245 1397 loco
2280 1338 2641 1417 Bryennius,
2681 1337 2819 1397 dum

616 1426 933 1488 contendit
972 1424 1126 1486 illud
1166 1443 1469 1504 capessere
1515 1422 1908 1485 renuentibus
1954 1422 2153 1496 ducis,
2209 1431 2319 1483 aut
2359 1423 2643 1502 abrogata
2678 1423 2747 1482 iis
2784 1443 2818 1480 a

616 1512 967 1613 proceribus
1003 1518 1329 1591 potestate,
1371 1508 1450 1570 ad
1481 1509 1820 1569 Comnenos
1841 1506 2269 1569 haereditatem
2301 1509 2493 1570 veluti
2514 1507 2822 1588 legitimam

621 1598 816 1659 delabi
859 1595 1149 1658 debuisse.
1232 1614 1449 1656 verum
1493 1594 1547 1654 si
1591 1593 1671 1654 ad
1714 1594 2048 1655 Comnenos
2097 1593 2456 1654 devolutum
2500 1594 2663 1654 suit
2646 1612 2826 1674 unpe-

616 1685 777 1745 rium
796 1728 812 1760 ,
857 1681 1024 1762 quod
1056 1690 1230 1742 ortus
1263 1701 1339 1741 ex
1373 1701 1440 1740 ea
1476 1689 1651 1760 gente
1686 1679 1940 1740 Isaacius
1968 1679 2038 1740 id
2070 1679 2334 1739 tenuerit
2354 1724 2372 1756 ,
2409 1678 2827 1758 secundogeni-

616 1779 716 1829 tus
747 1769 994 1828 Alexius
1024 1767 1414 1848 primogenito
1443 1766 1665 1826 Isaacio
1704 1766 2162 1826 sebastocratori
2189 1765 2362 1824 fratri
2392 1766 2677 1845 praeferri
2711 1783 2828 1824 non

619 1853 855 1914 debuit·
899 1854 949 1910 si
991 1871 1069 1911 ex
1101 1853 1405 1913 Ducarum
1427 1852 1754 1928 affinitate,
1789 1859 2140 1932 supererant
2169 1850 2386 1929 quibus
2409 1850 2648 1911 iustiori
2666 1850 2831 1929 longe

615 1938 796 1998 titulo
838 1935 1199 2012 debebatur,
1238 1939 1399 2015 iique
1426 1937 1925 2015 Porphyrogeniti
1960 1956 2067 1997 seu
2097 1935 2733 2037 Porphyrogeunetae,
2771 1934 2832 1994 id

614 2031 709 2082 est
744 2030 880 2103 post
907 2020 1188 2101 adeptam
1218 2042 1252 2079 a
1279 2021 1627 2101 parentibus
1652 2022 2005 2100 dignitatem
2029 2020 2194 2099 nati,
2234 2022 2460 2120 quibus
2478 2041 2560 2082 ex
2580 2023 2712 2083 iure
2733 2020 2834 2080 de-

616 2109 750 2169 beri
770 2106 1112 2170 videbatur.
1173 2105 1242 2166 id
1263 2115 1336 2167 ut
1359 2106 1554 2167 diluat
1581 2106 1949 2186 Bryennius,
1993 2107 2247 2188 opponit
2271 2101 2652 2187 primogeniti
2680 2107 2834 2166 [sas-

616 2193 697 2254 cii
742 2192 949 2254 fratris
987 2209 1375 2269 consensum,
1417 2201 1481 2252 et
1515 2213 1552 2251 a
1583 2192 1977 2253 Constantino
2014 2191 2318 2253 Michaelis
2338 2193 2543 2253 Ducae
2577 2194 2836 2272 impera-

620 2279 774 2340 toris
818 2278 1006 2339 fratre
1045 2287 1420 2352 remeatum,
1465 2278 1859 2339 Constantino
1903 2278 2194 2357 denique,
2236 2276 2541 2339 Michaelis
2566 2278 2721 2353 mio,
2761 2296 2839 2336 ex

623 2364 838 2426 aetatis
868 2363 1108 2425 defectu
1138 2365 1489 2443 abrogatum
1509 2364 1849 2443 imperium.
1919 2365 2024 2424 sed
2044 2363 2383 2424 haec‘mera
2408 2384 2539 2425 esse
2567 2364 2838 2444 figmenta

623 2452 758 2531 quis
807 2470 933 2510 neu
976 2449 1175 2526 videt,
1219 2470 1358 2511 cum
1400 2450 1683 2510 Alexium
1723 2460 1959 2511 constet
1998 2451 2310 2531 imperium
2349 2461 2485 2511 arte
2525 2460 2589 2511 et
2615 2452 2680 2510 in
2711 2470 2839 2510 suas

619 2536 850 2596 allectis
877 2545 1080 2617 partes
1104 2537 1454 2617 proceribus
1483 2544 1548 2595 et
1577 2535 1864 2596 militibus
1896 2545 2313 2612 consecutum,
2355 2545 2421 2596 et
2450 2537 2534 2597 ad
2559 2535 2712 2597 illud
2737 2534 2840 2596 fir·

621 2620 913 2684 mendum
949 2631 1082 2681 tum
1127 2621 1371 2681 demum
1407 2620 1702 2681 eiusmodi
1728 2622 1796 2681 in
1819 2621 2082 2682 medium
2113 2630 2251 2701 post
2278 2621 2565 2702 adeptam
2591 2621 2840 2702 dignita-

621 2715 748 2769 tem
780 2706 1076 2767 adductas
1105 2709 1390 2767 rationes.
1475 2706 1794 2778 contrariis
1815 2715 1878 2766 et
1905 2707 2192 2788 oppositis
2218 2728 2474 2787 prorsus
2500 2729 2647 2769 usus
2674 2706 2840 2768 vide-

620 2802 729 2854 tur
776 2793 1024 2853 Alexius
1064 2792 1348 2872 Angelus,
1398 2792 1503 2870 qui
1550 2813 1688 2853 cum
1727 2792 1949 2853 isaacio
1987 2793 2165 2853 fratri
2207 2813 2318 2873 per
2348 2814 2653 2854 summum
2686 2793 2840 2853 nefas

619 2877 938 2956 eripuisset
975 2878 1326 2957 imperium,
1365 2898 1487 2956 quo
1527 2879 1839 2938 scelestam
1869 2879 2295 2957 quoquomodo
2329 2888 2566 2958 tegeret
2589 2898 2840 2959 usurpa·

623 2964 882 3037 tionem,
923 2961 1039 3021 hac
1060 2982 1122 3021 se
1152 2964 1331 3022 unica
1362 2962 1633 3024 defendit
1656 2964 1916 3024 ratione.
1958 2963 2109 3025 illud
2135 2984 2348 3045 nempe
2367 2984 2480 3045 per
2504 2966 2842 3026 electionem

613 3068 661 3116 a
705 3047 1052 3128 proceribus
1096 3048 1334 3107 solitam
1379 3049 1633 3126 deferri,
1696 3070 1819 3109 non
1851 3069 1960 3130 per
1987 3050 2442 3126 successionem,
2487 3051 2607 3111 nisi
2641 3068 2841 3132 super-

624 3143 782 3193 esset
808 3131 913 3211 qui
941 3141 1082 3213 post
1107 3132 1390 3235 adeptam
1416 3134 1769 3214 dignitatem
1799 3144 1951 3195 esset
1979 3135 2044 3195 in
2078 3137 2275 3196 lucem
2315 3135 2537 3197 editus.
2621 3137 2711 3196 ita
2739 3155 2841 3216 pro

624 3219 805 3279 libitu
838 3237 986 3296 quas
1016 3218 1127 3278 sibi
1156 3222 1337 3299 magis
1364 3220 1658 3281 rebantur
1678 3222 2057 3301 profuturas,
2100 3231 2408 3301 tamquam
2446 3231 2725 3303 arreptae
2744 3230 2840 3299 ty·

625 3303 899 3365 renuidis
950 3304 1318 3384 velamenta,
1362 3306 1429 3365 in
1469 3307 1736 3366 medium
1786 3306 2113 3367 afferebant
2156 3308 2450 3384 rationes,
2495 3328 2651 3386 quas
2678 3323 2843 3388 prse-

627 3398 793 3450 terea
837 3407 1045 3450 rerum
1084 3352 1547 3471 praeteritarum
1575 3392 1862 3472 exemplis
1884 3391 2123 3453 firmare
2149 3392 2320 3453 haud
2346 3412 2524 3472 aegre
2552 3399 2842 3474 poterant,

629 3496 770 3536 cum
808 3475 1048 3536 nullum
1094 3496 1363 3555 unquam
1402 3476 1481 3536 ad
1522 3478 1998 3557 consequendam
2027 3478 2474 3559 imperatoriam
2501 3477 2842 3559 dignitatem

624 3569 863 3621 certum
902 3558 1085 3620 suerit
1122 3561 1219 3622 ius
1260 3561 1595 3623 definitum.
1682 3564 1757 3623 de
1784 3563 1997 3624 Alexio
2030 3563 2253 3644 Angelo
2287 3563 2634 3624 audiendus
2669 3564 2843 3624 [nuo-

630 3646 866 3708 centius
894 3646 996 3706 111.
1025 3645 1135 3707 1³1².
1160 3646 1200 3706 l.
1230 3648 1271 3714 5
1312 3647 1484 3727 epist.
1510 3649 1589 3709 ad
1613 3648 1889 3710 eumdem
1915 3649 2220 3711 Διοιιιιιιιιι
2271 3671 2340 3710 ex
2372 3660 2564 3729 parte
2608 3653 2844 3728 marapet-

628 3743 780 3792 tuae
821 3729 1212 3791 celsitudines
1249 3731 1604 3794 adiecerunt
1620 3780 1639 3812 ,
1700 3733 1873 3816 quod
1903 3735 2121 3794 Alexio
2154 3735 2302 3814 filio
2339 3734 2586 3795 bachii
2626 3733 2846 3815 Angdi

626 3814 952 3898 quondam
989 3820 1410 3897 imperatoris,
1454 3822 1568 3900 qui
1593 3819 1684 3879 ad
1704 3821 2075 3901 Philippum
2099 3819 2317 3881 ducem
2341 3822 2614 3880 Samiae
2651 3839 2844 3880 acoen-

631 3905 754 3979 sit,
796 3913 870 3962 ut
908 3904 1234 3984 imperium
1269 3915 1486 3964 contra
1519 3917 1577 3965 te
1602 3909 1806 3998 ipsius
1824 3909 2030 3987 possit
2056 3908 2294 3968 milio
2323 3906 2597 3967 obtinere
2610 3951 2632 3984 ,
2658 3909 2844 3986 favo-

634 4007 763 4046 rem
783 3987 1144 4049 nullatenus
1165 4001 1628 4069 praestaremus
1645 4037 1667 4070 ,
1711 3996 1869 4072 quia
1889 3995 2218 4074 imperium
2248 4013 2368 4052 non
2398 3989 2577 4052 dehet
2599 3989 2694 4051 ad
2715 4007 2842 4050 eum

634 4074 858 4150 aliqua
877 4078 1116 4134 ratione
1137 4072 1405 4154 devolvi,
1450 4098 1593 4137 eum
1618 4077 1793 4137 illud
1812 4099 1941 4138 non
1957 4100 2075 4159 per
2097 4078 2571 4155 successionem,
2611 4075 2726 4136 aed
2737 4094 2842 4155 per

630 4157 976 4218 electionem
1003 4159 1307 4221 nobilium
1330 4166 1725 4240 conferatur.-
1764 4167 1894 4224 nisi
1882 4167 2085 4242 forte
2105 4167 2354 4246 genitus
2372 4174 2527 4224 esset
2549 4172 2699 4243 post
2725 4156 2838 4219 ad-

628 4254 838 4324 eptum
861 4244 1214 4327 fastigium
1254 4249 1686 4328 imperatoriae
1714 4246 2049 4331 diguitatis
2061 4294 2082 4328 ,
2119 4247 2296 4331 quod
2331 4269 2659 4329 utnusquam
2687 4242 2838 4306 iden

627 4329 892 4391 Alexim
906 4341 1157 4412 poterat
1185 4331 1489 4418 allegare,
1534 4356 1674 4397 eum
1687 4339 2066 4419 priusquam
2079 4348 2271 4420 poter
2296 4336 2428 4399 eius
2451 4345 2610 4396 esset
2627 4334 2695 4394 in
2719 4333 2835 4390 im·
