3064 4890
561 457 756 544 AD
862 454 1408 547 =URBEM
1520 452 2127 568 ROMAM,

364 650 596 739 qnando
639 655 710 718 in
743 676 886 719 eam
929 653 1270 719 adveniens
1314 654 1672 743 triumphali
1704 675 1936 743 pompa
1970 655 2211 719 invecta
2247 669 2344 721 est
2442 672 2452 679 ’

451 791 862 858 illustrissima
888 804 953 856 et
976 791 1372 857 serenissima
1397 789 1754 871 Suecorum,
1785 789 2160 857 Gotthorum
2180 804 2243 858 et

819 927 1279 999 Wandalorum
1308 927 1521 1009 regina
1556 926 1885 993 christina.

1412 1056 1432 1111 i

456 1231 693 1337 Roma
720 1273 1046 1338 beatorum
1072 1270 1298 1339 domus
1321 1272 1531 1337 inclita
1547 1318 1568 1351 ,
1619 1292 1809 1358 quam
1838 1268 2013 1336 dedit
2039 1293 2228 1337 unam

556 1378 846 1441 omnibus
870 1379 1249 1465 armipotens
1272 1378 1527 1441 urbibus
1557 1397 1696 1439 esse
1723 1388 1924 1464 caput.

460 1481 595 1567 quis
621 1492 730 1544 tua
760 1483 980 1547 stravit
1004 1482 1198 1547 h‘umo
1228 1481 1522 1562 fastigia?
1574 1477 1845 1545 Gallicus
1875 1500 1957 1543 an
1986 1491 2051 1542 te

552 1585 772 1649 hostili
798 1586 1031 1651 victam
1057 1586 1275 1649 torruit
1299 1585 1446 1666 igne
1474 1583 1688 1647 furor?

463 1704 542 1749 an
570 1691 738 1752 ferus
766 1708 805 1751 a
835 1687 1067 1753 Cannis
1095 1686 1334 1752 tumida
1359 1688 1482 1752 ruit
1503 1687 1769 1759 Annibal
1798 1685 1893 1749 ira

559 1790 854 1856 Dardana
883 1791 1229 1857 Phoenissa
1254 1803 1415 1855 tecta
1441 1811 1712 1853 cremare
1740 1788 1922 1853 face?

464 1915 543 1958 an
569 1895 739 1960 Nero
768 1908 1103 1960 nocturnos
1124 1897 1243 1959 tibi
1273 1893 1550 1961 subdidit
1579 1896 1783 1957 ebrius
1810 1893 1990 1974 ignes

563 2000 876 2064 Troianos
898 1997 1118 2063 ludens
1152 2001 1220 2063 in
1245 2011 1351 2062 tua
1377 2002 1556 2063 busta
1587 1996 1819 2079 rogos?

463 2124 589 2166 non
618 2123 805 2167 sane:
855 2115 921 2165 at
947 2101 1152 2184 gelida
1174 2104 1465 2167 flammas
1489 2103 1605 2165 tibi
1634 2100 1906 2166 Gotthus
1940 2099 2018 2162 ab
2051 2108 2217 2162 arcto

565 2207 860 2286 immisit,
911 2209 1174 2294 populus
1202 2207 1404 2271 Marte
1428 2209 1679 2270 favente
1705 2207 1908 2268 ferox.

470 2307 757 2374 Gotthica
782 2309 1111 2375 Romanas
1136 2314 1447 2393 fregerunt
1473 2310 1708 2396 spicula
1739 2319 1956 2387 turres,

561 2412 935 2481 Gotthorum
965 2414 1272 2479 Ausonias
1304 2408 1578 2502 pertudit
1604 2413 1786 2475 hasta
1814 2413 2007 2474 fores.

469 2538 693 2585 saevus
725 2519 1026 2599 Alaricus,
1077 2516 1444 2603 Totilaeque
1475 2517 1708 2580 ferocia
1741 2513 1883 2593 diri,

572 2643 744 2687 arces
768 2625 838 2687 in
868 2624 1173 2704 cinerem,
1221 2622 1431 2687 Roma
1451 2666 1470 2700 ,
1520 2618 1750 2683 dedere
1779 2629 1940 2682 tuas.

473 2726 651 2790 flevit
680 2725 765 2790 ad
792 2728 955 2790 hunc
984 2729 1228 2790 fumum
1257 2744 1501 2790 summa
1531 2722 1886 2788 Praenestis
1919 2722 2000 2784 ab
2036 2739 2176 2783 arce

572 2830 882 2910 Fortuna,
933 2841 997 2893 et
1024 2842 1266 2893 tantum
1296 2850 1367 2893 se
1393 2828 1684 2892 nocuisse
1720 2824 1910 2891 dolet.

474 2932 612 3021 ipsa
640 2935 832 2999 etiam
856 2935 1146 3020 quamvis
1173 2932 1415 3015 glaciali
1454 2930 1607 2995 dura
1639 2931 1841 3012 rigore

576 3038 923 3103 Romuleae
953 3036 1200 3102 damnis
1225 3037 1488 3117 ingemit
1517 3029 1659 3100 ursa
1686 3037 1891 3121 lupae.

481 3159 618 3204 ecce
647 3141 810 3221 iugis
839 3153 1080 3228 septem
1105 3141 1348 3228 septeni
1378 3139 1545 3203 dona
1574 3141 1810 3202 triones

582 3264 754 3324 sera,
798 3244 912 3308 sed
936 3246 1125 3308 illatis
1153 3265 1352 3330 aequa
1380 3245 1567 3307 malis
1599 3246 1889 3307 referunt.
2023 3309 2032 3316 ,

485 3361 956 3436 compensantur
980 3349 1208 3413 Alarici
1234 3347 1604 3433 Totilaeque
1629 3347 1843 3411 ruinae

588 3451 943 3518 Christiane
970 3450 1278 3531 adventn3
1327 3450 1578 3531 desine,
1625 3450 1832 3515 Roma
1849 3492 1866 3523 ‚
1915 3442 2108 3528 queri.

491 3556 663 3620 salve
692 3556 871 3638 virgo
897 3558 1085 3622 trium
1117 3555 1407 3633 domina,
1458 3565 1672 3641 stupor
1701 3549 1981 3616 omnium
2008 3566 2305 3630 amorque

585 3680 951 3741 regnorum,
1000 3660 1198 3724 virtus
1234 3659 1333 3721 cui
1360 3677 1571 3721 comes
1601 3667 1697 3719 est
1722 3664 1784 3717 et
1808 3654 2031 3715 honor.

493 3783 645 3844 euge
685 3761 869 3843 ades,
912 3775 976 3826 et
1000 3765 1186 3828 fessis
1214 3763 1497 3847 requiem
1522 3758 1946 3840 auxiliumque
1973 3760 2229 3838 parante

590 3868 776 3933 rebus
803 3865 1153 3934 Alexandro
1170 3913 1191 3947 ,
1240 3878 1311 3931 tu
1341 3885 1587 3953 quoque
1615 3864 1827 3927 confer
1857 3873 2065 3945 opem·

1378 4033 1707 4103 PETRUS
1748 4023 2174 4105 POSSINUS‚

1557 4196 1593 4236 e
1645 4171 1786 4236 Soc.
1831 4167 1996 4234 Iesu.
