3064 4890
568 330 714 436 1⁷4
892 362 1002 428 An
1044 356 1487 429 GOMROENT.
1523 352 1990 426 mcEPHom
2032 355 2437 426 BRYENNJJ

567 546 749 608 quam
778 525 991 587 merito
1016 534 1079 586 et
1107 524 1292 605 gratia
1316 523 1624 604 regnantis
1647 523 1831 605 prolis
1858 523 2215 587 obtinuerat.
2321 524 2472 585 haec
2494 524 2765 606 pluribus

566 612 855 675 illustrari
879 620 1158 694 poterant
1169 634 1189 690 3
1235 630 1344 672 nos
1367 609 1590 671 cursim
1614 610 1989 690 defungimur
2020 610 2132 670 alio
2163 610 2528 673 festinantes.

735 802 798 864 p.
830 780 910 848 63
953 800 1019 841 v.
1044 776 1143 843 19.
1227 780 1447 860 θαῦμα
1492 782 1624 854 τοῖς
1669 776 1897 860 δρῶσιν
1937 778 2106 842 ἰδεῖν.
2191 778 2327 839 cod.
2375 779 2500 840 MS.
2539 781 2772 861 legebat

566 865 798 948 θέαμα,
840 865 1039 942 minus
1069 873 1206 944 apte
1235 864 1361 922 aine
1390 863 1604 941 dubio,
1649 873 1722 924 ut
1751 864 1922 923 facile
1948 864 2199 924 sentient
2227 865 2332 944 qui
2357 863 2578 925 harum
2600 867 2774 926 litte-

564 972 771 1012 rarum
802 959 1042 1032 gustum
1068 948 1324 1010 habent:
1368 966 1624 1027 quorum
1661 949 1871 1009 iudicii
1903 949 2122 1010 fiducia
2163 970 2367 1011 causas
2392 951 2770 1013 emendatio-

562 1058 711 1099 num
737 1045 1084 1099 nostrarum
1115 1034 1473 1095 enucleatius
1498 1054 1621 1095 non
1644 1036 2045 1114 exsequimur.

731 1210 792 1271 p.
816 1187 908 1255 58
944 1208 1006 1250 v.
1037 1190 1098 1253 9.
1166 1206 1341 1266 quae
1377 1188 1585 1248 scribit
1615 1186 1947 1268 Bryennius
1977 1186 2052 1246 da
2078 1186 2358 1248 Africano
2384 1187 2620 1249 minore
2647 1188 2768 1249 Ae·

566 1275 715 1335 milii
752 1274 919 1335 Pauli
958 1274 1083 1334 filio
1123 1273 1375 1353 digitum
1420 1273 1708 1335 videntur
1742 1273 2054 1334 intendere
2089 1273 2155 1332 in
2199 1271 2350 1333 haec
2381 1274 2534 1335 Livii
2579 1275 2764 1338 verba

563 1361 667 1422 lib.
696 1360 904 1422 XLIV.
989 1361 1293 1419 consulem
1319 1379 1463 1418 oum
1483 1381 1548 1418 ae
1575 1362 1644 1419 in
1678 1371 1885 1420 caetra
1905 1362 2105 1418 victor
2132 1363 2447 1439 recepiant
2461 1405 2484 1440 ,
2526 1382 2605 1419 ne
2629 1363 2765 1419 ein-—

565 1467 698 1506 cero
721 1443 961 1528 gaudio
975 1446 1309 1526 frueretur,
1353 1466 1504 1504 cura
1537 1443 1616 1505 de
1638 1449 1866 1505 minore
1888 1446 2026 1524 filio
2057 1446 2443 1508 stimulabat.
2525 1450 2602 1507 P.
2622 1449 2764 1507 Soi-

553 1535 668 1613 pio
693 1535 749 1591 ἰε
779 1542 909 1591 erat
924 1574 944 1610 ‚
986 1530 1334 1609 Africanae
1363 1541 1420 1590 et
1450 1533 1578 1612 ipse
1598 1543 1815 1611 postea
1845 1529 2043 1590 deleta
2076 1530 2452 1612 Carthagine
2482 1533 2767 1612 appella-

566 1628 673 1677 tus·
686 1662 706 1695 ,
766 1618 1080 1677 naturalia
1124 1617 1394 1677 oon-sulio
1425 1618 1623 1677 Pauli
1640 1665 1658 1695 ‚
1715 1616 2041 1698 adoptione
2075 1615 2380 1697 Africani
2420 1639 2620 1698 nepos.
2705 1620 2767 1676 ia

565 1700 867 1763 decimum
896 1706 1215 1784 eqatimum
1241 1714 1390 1761 tune
1420 1722 1658 1762 annum
1684 1722 1904 1786 agens,
1947 1700 2114 1783 quod
2140 1705 2347 1782 ipsu-m
2375 1723 2592 1762 euram
2625 1724 2765 1762 au-

557 1788 776 1869 gebat,
821 1787 975 1851 dum
1005 1788 1195 1870 qffme
1227 1791 1505 1869 sequitur
1527 1789 1748 1868 hostes,
1790 1792 1856 1849 in
1870 1799 2110 1868 partem
2138 1789 2336 1847 aliam
2363 1788 2553 1848 turba
2575 1789 2766 1848 abla-

563 1884 669 1930 tus
708 1884 871 1949 erat,
926 1884 984 1930 et
1018 1878 1218 1932 serius
1261 1895 1405 1933 cum
1443 1873 1755 1953 rediisset,
1812 1886 1943 1934 tum
1969 1871 2241 1954 demum,
2283 1884 2511 1953 recepto
2540 1877 2768 1955 sospite

544 1956 695 2036 filio
709 2002 730 2034 ,
784 1958 1083 2016 vic-toriae
1116 1968 1329 2016 tantae
1364 1958 1683 2037 gaudium
1713 1956 1936 2019 cois-sul
1960 1962 2162 2019 aen-rit.
2245 1969 2529 2040 putamus
2563 1970 2766 2021 tamen

559 2041 930 2121 Bryennium
958 2058 1028 2101 ea
1064 2060 1216 2120 quae
1251 2042 1327 2101 de
1349 2042 1634 2104 Africano
1673 2046 1905 2104 minore
1947 2043 2146 2105 adhuc
2188 2043 2632 2107 adolescentulo
2665 2046 2767 2107 hie

559 2126 793 2205 innuit,
855 2128 1055 2209 potius
1087 2127 1354 2188 hausisse
1390 2148 1425 2187 e
1450 2130 1699 2209 Polybio
1715 2175 1733 2206 ,
1789 2131 1961 2190 cuius
1991 2129 2299 2191 historiam
2323 2131 2619 2211 integram
2645 2131 2764 2193 ha-

557 2213 790 2291 buerit,
834 2231 986 2291 quae
1008 2214 1217 2274 mutila
1245 2214 1325 2273 ad
1354 2232 1463 2275 nos
1486 2216 1783 2296 pervenit.
1872 2234 2011 2276 cum
2035 2217 2189 2277 enim
2218 2235 2286 2275 ea
2315 2219 2652 2297 pertineret
2683 2219 2764 2280 ad

557 2299 739 2360 finem
763 2298 959 2359 ultimi
986 2299 1127 2360 belli
1151 2299 1550 2377 Macedonici,
1592 2320 1712 2381 quo
1744 2302 1993 2363 Perseus
2019 2303 2092 2362 ab
2128 2302 2374 2363 Aemilio
2404 2314 2621 2385 captus
2650 2314 2762 2382 est,

555 2384 1132 2466 quoque-Africanus
1159 2386 1361 2447 iunior
1386 2387 1580 2467 prima
1607 2388 1950 2452 rudimenta
1977 2388 2219 2448 militiae
2252 2390 2473 2469 posuit,
2499 2410 2763 2470 pronum

552 2471 852 2532 arbitratu
899 2481 989 2532 est
1025 2473 1338 2552 Polybium
1376 2491 1676 2534 summum
1723 2475 1850 2534 eius
1890 2476 2269 2554 imperatoria
2312 2475 2763 2552 admiratorem,

551 2565 617 2617 et
653 2556 936 2617 intimum
975 2560 1229 2619 amicum
1245 2602 1264 2635 ‚
1336 2559 1531 2638 prima
1589 2560 1716 2620 eius
1773 2559 2054 2622 iuvenilia
2106 2562 2375 2620 facinora
2422 2561 2764 2624 distinctim

506 2707 511 2712 ,
549 2661 731 2722 quam
755 2644 992 2705 Livium
1029 2644 1109 2704 in·
1131 2643 1394 2726 generali
1418 2646 1826 2707 Romanarum
1866 2641 2134 2707 omnium
2161 2665 2368 2708 rerum
2409 2650 2763 2710 narratione

551 2729 891 2791 celebrasse.
1184 2747 1189 2752 ·

334 2883 381 2940 Ρ
418 2883 517 2940 115
720 2902 780 2963 p.
807 2886 889 2949 68
924 2903 987 2945 v.
1017 2889 1080 2949 7.
1161 2894 1293 2946 erat
1317 2881 1609 2969 ἐγεγόνει,
1653 2905 1764 2946 nos
1785 2906 1910 2946 non
1934 2885 2276 2950 dubitamus
2304 2888 2453 2966 quin
2484 2883 2754 2974 ὄγηόνει

546 2967 881 3048 Bryennius
923 2969 1247 3049 scripserit.
1328 2990 1468 3050 argo
1510 2972 1599 3032 sic
1639 2972 1967 3034 emendavi.
2052 2974 2545 3036 vociferationem
2597 2974 2756 3036 enim

550 3072 648 3115 rea
677 3052 874 3133 exigit,
918 3061 980 3112 et
1008 3054 1126 3114 loci
1156 3058 1454 3117 sententia
1480 3057 1548 3117 in
1571 3053 1767 3117 subita
1794 3058 2191 3119 admiratione
2222 3059 2498 3119 Doceani.

718 3225 779 3288 p.
824 3210 909 3274 99
954 3227 1017 3271 v.
1053 3206 1115 3274 4.
1220 3214 1683 3287 Κωνσταντῖνος
1723 3208 1759 3278 ὅ
1797 3209 2127 3294 Διογένους
2196 3222 2312 3276 etc.
2369 3179 2540 3275 lianc
2581 3212 2750 3274 Anna

551 3290 650 3355 lib.
676 3292 739 3352 X
766 3291 1035 3355 Alexiad.
1069 3314 1203 3375 pag.
1230 3301 1355 3363 271
1388 3297 1674 3362 memoria
1704 3298 1870 3379 lapsa
1891 3298 2149 3361 Leonem
2172 3306 2376 3363 vocat.

726 3466 787 3527 p.
817 3450 939 3516 126
988 3467 1053 3510 v.
1102 3452 1159 3514 1.
1245 3447 1375 3515 ἐπεὶ
1416 3449 1522 3515 καὶ
1565 3450 2124 3535 δολοκρατουμένην
2164 3447 2327 3534 ἑώρα
2367 3447 2594 3518 τούτου
2639 3448 2750 3535 τὴν

552 3527 852 3609 ἐξουσίαν.
936 3532 1208 3612 queritur
1252 3544 1313 3594 et
1342 3536 1678 3618 Bryennius
1717 3545 1777 3596 et
1804 3537 1978 3598 Anna
2020 3538 2122 3599 lib.
2156 3537 2190 3598 1
2235 3537 2540 3599 Alexiadia
2564 3539 2748 3598 Bota-

550 3619 775 3680 niatem
800 3619 1044 3680 consilio
1075 3617 1334 3682 duorum
1362 3642 1680 3686 servorum
1696 3623 1880 3684 Borili
1910 3632 1968 3684 et
1996 3623 2274 3684 Germani
2306 3625 2624 3686 Comnenis
2652 3624 2749 3683 in-

547 3699 851 3765 fensorum
879 3715 1095 3766 cuncta
1126 3706 1581 3770 administrasse.
1663 3708 1845 3789 igitur
1893 3709 1994 3769 hic
2025 3710 2357 3790 Bxyennius
2397 3731 2526 3771 non
2570 3712 2746 3774 δολο-

452 3833 455 3834 r
545 3787 989 3873 κρατουμένην,
1033 3799 1107 3852 ut
1143 3813 1455 3876 perperam
1485 3791 1766 3855 librarius
1800 3795 1866 3855 in
1895 3795 2014 3856 MS.
2052 3795 2256 3856 codice
2283 3807 2601 3878 posuerat,
2642 3789 2744 3856 sed

544 3883 620 3934 ut
646 3895 758 3937 nos
793 3876 1269 3962 emendavimus,
1312 3878 1907 3966 δουλοκρατουμένην
1940 3880 2290 3974 scripserit..

323 4041 372 4097 P
414 4043 517 4100 116
714 4047 779 4112 P·
813 4031 935 4097 135
959 4051 1022 4094 v.
1062 4037 1161 4099 13.
1247 4028 1603 4111 Κυδὸκτου,
1646 4035 1809 4116 quod
1831 4035 1896 4097 in
1921 4033 2044 4100 MS.
2077 4036 2436 4098 auctoritate
2461 4031 2740 4096 concordi

540 4109 754 4174 Annae
795 4116 1160 4199 Comnenae‚
1218 4119 1644 4204 curopalatae‚
1704 4121 1956 4184 Cedreni
2008 4133 2071 4185 et
2113 4125 2380 4185 Zonarae
2417 4141 2548 4184 rem
2590 4120 2736 4181 hanc

540 4200 729 4281 ipsam
755 4205 1130 4266 narrantium
1162 4205 1226 4266 in
1256 4201 1574 4290 Κηδόκτου
1605 4208 1986 4272 mutavimus.
