3064 4890
74 2278 77 2371 !

794 1291 1907 1406 PRAEFATIO

560 1532 1259 1626 AUGUSTI
1367 1536 2135 1629 MEINEKII.

1141 1850 1548 1862 „ss———nu—-u——s

255 2109 344 2221 N
342 2141 635 2236 icephori
716 2142 1040 2236 Bryennii
1119 2144 1656 2218 Commentarios
1722 2147 1838 2239 qni
1904 2147 2160 2242 primus
2230 2150 2438 2221 edidit

250 2310 464 2384 Petrus
525 2316 876 2405 Possim,
960 2340 1168 2408 quum
1233 2317 1492 2388 Codice
1554 2326 1854 2388 uteretur
1915 2320 2435 2412 corruptissimo,

245 2449 690 2559 audacioribns
762 2489 1167 2583 plerumque
1250 2489 1522 2559 indulsit
1612 2463 2008 2576 eonieetnris
2036 2537 2059 2576 ,
2151 2514 2435 2581 quarum

243 2678 397 2746 qnae
444 2661 671 2752 aliqua
732 2662 1023 2732 veritatis
1087 2661 1314 2755 specie
1380 2657 1873 2750 blandirentur,
1940 2660 2008 2730 in
2072 2660 2432 2731 verborum
2497 2667 2518 2678 ’“

238 2839 529 2901 contextu
579 2832 958 2902 retinendas
975 2882 997 2921 ‚
1075 2842 1329 2902 ceteras
1400 2832 1489 2903 de
1537 2832 1807 2923 iniusta,
1876 2854 2081 2923 quam
2131 2853 2433 2926 occupa-

230 3009 395 3088 rant,
470 3005 898 3096 possessione
961 3003 1397 3098 depellendas
1450 3004 1702 3098 putavi.
1805 3027 1971 3094 quas
2035 3004 2181 3097 ipse
2240 3007 2429 3098 peri-

227 3171 471 3244 clitatus
522 3198 671 3245 sum
724 3175 1226 3245 emendationes
1243 3227 1265 3264 ‚
1314 3175 1435 3244 nisi
1487 3198 1719 3244 omnes
1769 3174 2063 3246 veritatis
2113 3199 2425 3245 numeros

221 3339 573 3432 haberent,
649 3347 718 3417 in
781 3346 1083 3440 margine
1149 3367 1678 3416 commemorare
1742 3348 1942 3416 satius
2007 3343 2183 3414 duxi.
2301 3370 2422 3414 ce-

214 3514 340 3584 lato
388 3517 686 3606 lectore,
767 3519 821 3586 si
861 3517 1116 3588 leviora
1166 3516 1275 3586 vel
1326 3517 1709 3587 manifestos
1751 3503 2253 3610 typothetarum
2305 3537 2417 3583 er-

208 3707 381 3758 rores
431 3689 733 3781 excipias
748 3740 771 3778 ‚
818 3687 982 3758 nihil
1029 3685 1297 3796 mntavi.

397 3859 666 3930 Possini
710 3857 1157 3953 paraphrasin
1203 3855 1475 3928 laiinam
1490 3911 1514 3951 ‚
1581 3807 1766 3929 omni
1816 3855 2111 3929 sordium
2159 3873 2414 3947 genere

116 4006 129 4014 -
199 4027 584 4123 oppletam,
673 4030 873 4101 etiam
953 4030 1029 4100 iis
1110 4030 1275 4099 locis
1292 4076 1315 4116 ,
1403 4029 1522 4099 nbi
1600 4052 1754 4101 snas
1817 4030 1933 4098 ille
1999 4024 2410 4094 coniecturas

196 4208 515 4292 sequutus
576 4210 714 4293 est,
787 4201 1101 4271 intactam
1162 4199 1439 4290 reliquit
1516 4222 1747 4291 neque
1809 4198 1879 4267 id
1939 4196 2141 4291 periti
2204 4196 2409 4266 mira-

191 4367 462 4441 buntur.
534 4401 537 4410 ·
