3064 4890
616 333 765 406 378
1300 332 1611 400 CAROLI
1658 333 1782 400 DU
1831 332 2156 399 FRESNE

779 520 839 581 p.
859 496 985 567 224
1013 518 1073 560 ν.
1091 502 1192 565 23.
1237 493 1608 578 οἷδελφιδοῦς
1631 495 1965 579 Στέφανος]
2001 496 2093 557 Διι
2125 496 2406 557 VlsdisIai
2433 494 2587 576 regis
2618 494 2820 556 filim?

612 595 774 647 certe
800 586 877 645 de
908 583 1192 645 Vladislai
1216 584 1505 665 Stephani
1536 584 1741 644 nutris
1765 583 2066 644 connubio
2095 583 2272 643 silent
2297 582 2633 662 scriptores.
2721 582 2815 640 sed

610 692 726 733 nec
753 670 941 731 simile
972 670 1211 730 videtur
1241 689 1424 747 vero,
1479 670 1669 729 filium
1703 669 2021 745 Vladislai,
2080 671 2250 730 cuius
2280 668 2553 747 nuptias,
2595 667 2644 725 si
2676 686 2815 742 quas

612 758 783 834 iniit,
828 765 964 855 post
990 756 1278 836 Stephani
1301 756 1507 815 fratris
1534 776 1670 815 cum
1698 755 1888 815 Maria
1914 758 2216 816 Comnena
2242 754 2609 814 connubium
2638 754 2816 812 saetas

613 852 883 921 constat,
924 842 1117 922 ipsum
1147 840 1515 922 Stephanum
1549 841 1727 902 vultu
1758 851 1823 901 et
1854 860 1958 900 ore
1991 839 2139 900 adeo
2172 840 2561 921 expressisse,
2597 839 2705 916 qui
2732 858 2821 896 ae—

611 938 736 989 tate
762 928 955 988 multo
990 928 1237 988 inferior
1266 936 1411 991 erat.
1499 927 1702 986 malim
1734 927 1915 1006 igitur
1943 946 2051 1006 per
2083 919 2456 1003 αδελφιδοῦν
2487 925 2821 1004 quempiam

611 1015 793 1074 alium
830 1033 864 1072 e
902 1012 1088 1093 stirpe
1125 1015 1283 1092 regia
1313 1012 1599 1092 Stephani
1643 1013 1892 1073 senioris
1919 1013 2425 1095 consanguineum
2462 1010 2826 1072 intellexisse

611 1102 998 1175 Cinnamum,
1044 1101 1307 1177 quisquis
1334 1100 1435 1158 ille
1464 1099 1664 1159 fuerit.

784 1207 843 1265 Ρ
876 1188 1000 1249 226
1030 1205 1090 1250 v.
1124 1190 1225 1252 22.
1313 1180 1566 1267 Μιχαήλ
1595 1184 1870 1268 Γαβρᾶς]
1916 1183 2147 1245 Nicetes
2184 1180 2223 1243 Ι.
2256 1180 2382 1245 4η.
2412 1186 2473 1247 8.
2557 1202 2619 1243 v.
2646 1190 2823 1243 stem·

612 1292 709 1331 ma
739 1272 1022 1331 Comnen.

782 1377 839 1437 Ρ
866 1360 994 1421 227
1026 1375 1091 1416 v.
1131 1359 1189 1421 1.
1278 1354 1640 1438 Προκοτίου
1675 1357 1792 1419 τοῦ
1826 1350 2171 1436 μάρτυρος]
2217 1350 2308 1412 An
2344 1352 2621 1432 Procopii
2661 1373 2822 1412 mar·

612 1442 800 1542 tyris,
858 1441 1027 1501 cuius
1068 1442 1288 1500 festum
1333 1451 1518 1520 agunt
1560 1440 1772 1500 Graeci
1812 1460 1882 1500 ac
1905 1439 2099 1499 Latini
2128 1438 2505 1504 81d.1ulii'l
2589 1446 2656 1497 at
2693 1458 2821 1498 cum

613 1529 665 1588 is
701 1528 814 1588 sub
855 1525 1217 1586 Diocletiano
1259 1528 1577 1587 Caesareae
1616 1527 1681 1585 in
1718 1526 2046 1585 Palaestina
2086 1524 2443 1603 martyrium
2487 1524 2820 1604 pertulerit,

614 1612 859 1693 quando
899 1611 1060 1671 illius
1098 1632 1317 1691 corpus
1339 1612 1588 1672 Naisum
1616 1611 1978 1672 translatum
2005 1609 2148 1670 inde
2177 1610 2393 1689 suerit,
2433 1627 2646 1686 nemo,
2696 1610 2822 1690 opi-

616 1718 763 1770 nor,
805 1697 1078 1757 tradidit.
1162 1697 1325 1756 aedis
1351 1697 1495 1758 divo
1524 1697 1630 1757 isti
1654 1697 1882 1757 dicatae
1904 1698 1970 1756 in
2002 1696 2423 1776 Peloponneso,
2461 1705 2534 1755 ut
2560 1696 2821 1769 videtur,

615 1783 890 1843 meminit
921 1792 1135 1842 auctor
1161 1783 1333 1842 Vitae
1368 1786 1427 1841 S.
1454 1785 1649 1842 Lucae
1686 1783 1939 1843 iunioris
1977 1803 2030 1843 c.
2069 1783 2110 1848 5
2152 1802 2213 1840 ιι.
2253 1785 2356 1847 37.
2443 1782 2684 1842 exstitit
2718 1782 2826 1841 alia

612 1878 921 1949 praeterea
954 1866 1127 1926 aedes
1157 1866 1216 1927 d.
1251 1868 1523 1946 Procopii
1553 1869 2083 1947 Constantinopoli,
2118 1886 2297 1947 quam
2325 1868 2644 1928 renovavit
2666 1870 2820 1926 Zeno

617 1956 891 2029 isaurus,
936 1962 1009 2012 ut
1032 1953 1213 2012 estin
1238 1952 1537 2012 Chronico
1569 1952 1994 2029 Alexandrino,
2040 1973 2111 2012 ac
2141 1952 2357 2013 deinde
2383 1954 2689 2013 Antonina
2715 1955 2822 2013 Be-

612 2039 825 2101 lissarii
863 2059 1024 2098 uxor
1065 2037 1227 2119 apud
1257 2039 1612 2119 scriptorem
1646 2038 1924 2100 Chronici
1956 2039 2123 2119 Cpol.
2184 2039 2305 2119 agit
2328 2039 2506 2098 etiam
2538 2039 2615 2099 de
2648 2039 2828 2099 hocce

613 2126 839 2208 templo
865 2124 1096 2185 Suidas.

781 2230 843 2270 v.
876 2217 971 2275 11.
1057 2212 1168 2273 τοῦ
1211 2204 1513 2292 μάρτυρος
1550 2211 1905 2291 Δημητρίου
1945 2206 2141 2290 νεων]
2200 2209 2383 2285 Quod
2427 2209 2528 2270 hic
2567 2209 2822 2270 habetur

610 2297 903 2397 templum
939 2295 1000 2355 d.
1024 2295 1324 2373 Demetrii,
1373 2295 1619 2356 videtur
1638 2297 1791 2356 illud
1816 2315 1958 2374 esse,
2005 2317 2037 2356 a
2066 2317 2184 2375 quo
2212 2296 2500 2375 oppidum
2524 2297 2585 2358 d.
2617 2298 2816 2356 Deme-

610 2383 715 2443 trii
749 2382 828 2441 ad
850 2385 1075 2442 Savum
1101 2392 1334 2441 amnem
1364 2382 1549 2441 situm
1571 2402 1790 2442 nomen
1818 2384 2077 2464 accepit,
2122 2381 2302 2441 hodie
2331 2385 2396 2445 S.
2423 2385 2706 2443 Demeter·
2730 2383 2816 2441 di·

612 2480 779 2531 ctum
799 2517 818 2545 ,
860 2467 1028 2529 haud
1058 2469 1271 2548 procul
1298 2468 1373 2527 ab
1400 2470 1650 2548 antiquo
1680 2470 1915 2530 Sirmio.
1972 2468 2137 2549 quod
2169 2488 2318 2530 vero
2353 2471 2647 2549 templum
2675 2469 2817 2529 iuud

610 2556 678 2615 in
707 2555 923 2615 Sirmio
956 2565 1190 2615 exstare
1220 2555 1307 2613 ait
1333 2555 1688 2633 Cinnamus,
1746 2556 1813 2615 id
1855 2554 2262 2637 accipiendum
2295 2563 2446 2635 puto
2478 2576 2593 2636 pro
2621 2556 2818 2615 Sirmi-

611 2641 740 2701 ensi
777 2662 950 2720 agro·
1025 2661 1167 2700 nam
1220 2641 1480 2722 Σίρμιον
1520 2661 1646 2700 ιιοιι
1693 2641 1873 2700 semel
1918 2641 1969 2699 is
2017 2641 2240 2700 dicitur
2292 2640 2486 2701 eidem
2535 2641 2814 2721 scriptori.

613 2728 819 2808 oppidi
846 2746 992 2788 vero
1022 2728 1080 2785 S.
1106 2725 1387 2785 Demetrii
1422 2727 1696 2787 meminit
1731 2726 2038 2786 Bonfinius
2067 2726 2205 2787 dec.
2218 2726 2259 2791 5
2293 2727 2332 2787 l.
2365 2726 2407 2791 4
2435 2737 2718 2788 extremo.

784 2833 844 2891 Ρ.
867 2816 993 2876 228
1021 2832 1082 2875 v,
1115 2816 1175 2875 2.
1240 2804 1520 2889 ἐδελφου
1547 2807 1907 2892 Στεφάνου]
1952 2813 2078 2872 Iam
2105 2811 2285 2872 modo
2310 2814 2686 2912 percipimus
2691 2810 2815 2891 quis

482 2903 489 2914 “
613 2896 797 2957 suerit
820 2894 1188 2976 Stephanus,
1237 2897 1406 2955 cuius
1435 2897 1596 2956 filius
1623 2898 1803 2957 fuisse
1832 2897 2055 2957 dicitur
2083 2897 2229 2959 Livo
2270 2918 2378 2959 seu
2403 2900 2560 2976 Leo,
2601 2901 2813 2979 primus

613 2982 927 3041 Armeniae
955 3001 1097 3056 rex,
1139 2981 1203 3040 in
1245 2982 1408 3040 bulla
1449 3002 1631 3041 aurea
1676 3002 1782 3043 seu
1813 2984 2136 3062 diplomate
2163 2982 2232 3043 A.
2264 2989 2450 3060 1210,
2503 2986 2658 3065 quod
2687 2982 2811 3043 Ma-

616 3070 781 3127 nosci
827 3067 893 3125 in
934 3067 1244 3147 provincia
1277 3067 1442 3147 apud
1468 3067 2041 3149 Hierosolymitanos
2084 3070 2314 3147 equites
2346 3082 2703 3142 asservatur,
2737 3067 2806 3125 iu

617 3172 738 3232 quo
785 3154 911 3212 Leo
947 3153 1138 3231 filius
1179 3150 1418 3211 domini
1445 3154 1742 3233 Stephani
1779 3155 1970 3214 bonae
2009 3157 2332 3214 memoriae
2362 3153 2465 3215 dei
2499 3168 2559 3217 et
2590 3154 2806 3235 irnperis’

618 3240 894 3299 Romani
927 3241 1149 3319 gratia
1185 3260 1288 3297 rex
1313 3239 1646 3298 ,Armeniae
1683 3241 1922 3300 dicitur.
2009 3240 2155 3299 hinc
2193 3241 2374 3301 etiam
2413 3252 2582 3321 patet
2618 3238 2805 3300 Leonis

616 3323 802 3404 ipsius
827 3323 1137 3400 Milonem,
1181 3325 1286 3403 qui
1317 3326 1546 3385 Toroso
1578 3326 1752 3385 fratri
1795 3327 1858 3385 in
1888 3325 2202 3386 Armeniae
2243 3327 2645 3409 principatum
2678 3344 2804 3385 suc-

619 3410 824 3489 cessit,
869 3410 1233 3470 avuneulum
1263 3420 1426 3471 recte
1457 3411 1746 3491 appellari
1772 3412 1844 3471 ab
1874 3412 2224 3473 Innocentio
2256 3413 2334 3472 ΙΙΙ
2363 3434 2467 3493 pp.
2495 3415 2538 3479 Ι.
2572 3421 2613 3479 2
2635 3412 2801 3491 Epist.

609 3517 674 3578 Ρ.
708 3499 854 3561 586.
939 3496 1311 3575 proindeque
1352 3518 1387 3555 a
1431 3498 1794 3578 scriptorum
1823 3496 2152 3577 plerisque,
2201 3498 2519 3560 Vincentio
2552 3499 2804 3559 Bellova-

613 3581 805 3654 censi,
845 3583 1104 3657 Sanuto,
1152 3582 1516 3660 Houedeno,
1561 3584 1931 3663 Bromptono
1976 3593 2156 3663 atque
2186 3583 2337 3644 adeo
2378 3595 2656 3646 accurato
2681 3581 2801 3641 alias

406 3663 453 3716 P
484 3663 588 3721 479
620 3667 1008 3727 Familiamm
1041 3667 1576 3728 Ultramarinarum
1605 3669 1914 3749 scriptore,
1952 3670 2178 3750 Rupini
2201 3671 2450 3730 fratrem
2483 3673 2652 3733 fuisse
2675 3670 2801 3727 Leo⁴

618 3773 753 3813 nem
784 3772 1096 3834 perperam
1122 3755 1345 3814 referri.
1432 3774 1545 3812 nec
1571 3755 1770 3814 obstat
1798 3755 1965 3832 quod
1992 3756 2109 3815 Leo
2136 3756 2468 3837 Rupinum,
2513 3754 2716 3837 Rupini
2738 3769 2798 3809 ex

618 3839 738 3897 filia
752 3848 1052 3918 nepotem,
1085 3842 1299 3919 passim
1317 3850 1596 3918 nepotem
1611 3840 1958 3919 simpliciter
1973 3850 2173 3902 vocat.
2217 3843 2438 3924 quippe
2454 3863 2654 3903 vocem
2669 3840 2795 3899 hanc

622 3925 1181 4003 proconsanguinei
1207 3925 1331 3985 filio
1361 3926 1627 3985 crebrius
1650 3926 1931 4004 usurpari
1958 3927 2120 4006 apud
2146 3937 2422 3988 auctores
2443 3936 2688 4004 constat,
2701 3939 2792 4001 qm

620 4009 947 4070 etiamnum
977 4012 1272 4070 Armorici
1300 4012 1488 4071 nostri
1520 4011 1724 4070 eadem
1747 4012 1992 4071 notione
2019 4014 2235 4092 passim
2263 4024 2544 4076 utuntur.
2599 4012 2669 4073 de
2692 4011 2792 4070 An-

620 4093 872 4154 dronico
899 4095 1300 4176 Euphorbeno
1329 4096 1760 4157 consulendum
1783 4107 2032 4157 stemma
2060 4099 2508 4162 Comnenicum.

786 4199 845 4259 Ρ.
869 4185 996 4248 229
1030 4201 1087 4246 v,
1118 4187 1178 4248 2.
1266 4186 1381 4246 τοῦ
1409 4180 1715 4263 Ῥωμαίων
1746 4176 2233 4267 αὐτοκράτορος]
2279 4186 2465 4246 Vetus
2497 4193 2581 4243 est
2620 4189 2676 4240 et
2705 4177 2791 4237 de·

619 4273 860 4325 cantata
883 4265 987 4324 illa
1018 4268 1287 4344 quaestio
1316 4277 1380 4328 et
1411 4269 1852 4344 controversia,
1892 4270 2383 4332 Romanorumne
2401 4272 2791 4351 impensorum

621 4350 808 4411 flierit
848 4370 1110 4413 summos
1151 4353 1469 4433 pontifices
1511 4355 1738 4416 Romae
1783 4373 2015 4436 creare,
2071 4356 2168 4420 vel
2209 4368 2375 4420 certe
2419 4378 2498 4418 an
2532 4356 2572 4416 ii
2609 4353 2790 4429 absquss
