3064 4890
549 248 643 319 m
661 248 1123 320 NIGEPHORI
1144 251 1552 322 BRYENNH
1574 252 2016 324 commnm
2034 242 2342 326 NOTAE.
2437 259 2586 333 221

395 420 461 475 et
499 413 575 475 ab
613 414 825 477 Urselli
865 434 1059 478 uxore
1088 415 1406 496 liberisque
1442 415 1522 477 ad
1562 415 1937 479 Botaniatam
1972 418 2351 501 perductum.
2432 423 2586 504 Scy-

392 497 568 559 litzae
609 509 671 559 et
698 500 998 581 Bryennio
1037 521 1161 562 non
1201 503 1525 563 assentitur
1565 503 1808 564 omuino
1846 505 2123 566 Zonaras.
2209 506 2395 567 tradit
2425 508 2585 571 enim

391 583 793 664 logothetam,
837 586 941 666 qui
985 605 1111 646 sese
1154 586 1234 648 ad
1271 587 1566 647 Ursellum
1612 588 1981 667 contulerat,
2022 590 2100 650 ab
2139 591 2301 651 eoin
2328 590 2583 653 vinculis

392 679 760 730 asservatum
775 714 793 746 ,
835 681 898 731 et
920 671 1152 733 Ursello
1179 672 1483 733 subitanea
1508 681 1705 732 morte
1729 674 2025 734 exstincto
2040 720 2059 752 ,
2097 674 2164 735 in
2188 676 2583 756 suspicionem

389 754 617 816 venisse
667 755 793 815 dati
828 755 913 821 illi
950 757 1164 818 veneni
1203 776 1387 836 eaque
1430 756 1506 817 de
1540 777 1714 817 causa
1750 757 1826 817 ab
1863 759 2073 820 Uraelli
2103 763 2365 840 cognatis
2394 762 2580 821 Bota-

386 838 588 900 niatae
621 840 914 901 traditum
957 861 1097 902 esse.
1180 842 1393 902 Urselli
1443 844 1699 924 proinde
1737 843 1936 904 obitus
1978 844 2190 904 ineidit
2228 845 2295 905 in
2335 845 2406 906 A.
2437 845 2580 909 Chr.

388 927 515 990 107
515 928 575 989 8.
656 925 778 985 iam
811 946 959 987 vero
1004 946 1141 987 cum
1172 927 1556 988 Balliolorum
1584 928 2058 989 nomenclatione
2091 929 2346 991 familiae
2378 930 2582 1011 plures

385 1008 451 1068 in
481 1009 755 1070 Nenstria
778 1030 885 1072 seu
905 1012 1267 1073 Normannia
1306 1012 1632 1091 vicinisque
1668 1013 1978 1074 Neustriae
2015 1015 2338 1095 provindis
2361 1035 2582 1076 occur-

385 1102 528 1154 rant
545 1137 563 1169 ,
602 1092 819 1155 barum
856 1097 954 1156 cui
985 1096 1410 1159 adscribendus
1437 1096 1518 1158 sit
1544 1098 1804 1159 Ursellns
1828 1097 1994 1160 baud
2021 1099 2198 1179 plane
2230 1109 2580 1181 promptum

385 1186 480 1238 est
504 1178 766 1240 definire.
851 1180 999 1242 duas
1023 1182 1089 1243 in
1116 1183 1443 1260 Caletibus,
1484 1202 1638 1262 quae
1664 1192 1754 1244 est
1773 1183 2168 1244 Normanuiae
2191 1204 2361 1264 pars,
2401 1186 2579 1247 aliam

383 1262 452 1322 in
477 1262 876 1326 vinmacensi
900 1287 1083 1347 pago,
1125 1268 1420 1328 Caletibus
1447 1269 1815 1330 contermino
1831 1313 1852 1346 ,
1894 1269 2215 1330 observant
2243 1271 2579 1350 scriptores

384 1345 454 1430 ¹)
494 1369 632 1408 nam
659 1352 1129 1413 San-Paulanam
1157 1361 1216 1412 et
1239 1350 1696 1431 flandrensem,
1737 1354 1975 1415 tametsi
1997 1362 2191 1414 aetate
2215 1355 2329 1415 ista
2349 1375 2577 1436 perno-

380 1431 529 1492 biles
557 1430 798 1495 habitae
831 1437 950 1497 sint
963 1486 987 1516 ,
1022 1438 1129 1498 vix
1157 1448 1249 1500 est
1269 1446 1343 1500 ut
1376 1438 1615 1500 credam
1642 1438 1722 1499 ad
1748 1439 2041 1500 Ureellum
2066 1448 2351 1520 spectare.
2433 1439 2578 1500 bina

372 1536 529 1603 ,vero
573 1520 803 1582 Ballioli
845 1522 1234 1602 appellatione
1273 1524 1514 1604 praedia
1556 1533 1663 1584 aut
1711 1533 1904 1584 castra
1946 1533 2216 1585 recenset
2236 1524 2576 1585 chronicon

379 1611 554 1663 vetus
597 1604 1076 1684 fontanellense,
1117 1627 1373 1687 quorum
1418 1609 1676 1669 alterum
1715 1628 1769 1671 ο.
1814 1614 1896 1674 12
1934 1608 1998 1670 in
2035 1629 2188 1689 pago
2223 1610 2424 1669 Tellao
2467 1627 2576 1672 eeu

380 1687 736 1769 Talogiensi,
776 1692 1182 1753 Vinemacensi
1226 1692 1481 1754 finitimo
1497 1738 1517 1770 ,
1565 1695 1822 1755 alterum
1862 1713 1914 1754 c.
1940 1697 1982 1758 9
2025 1693 2093 1753 in
2128 1695 2258 1775 ipso
2289 1694 2575 1755 vinema-

379 1774 540 1836 censi
577 1796 728 1856 pago
767 1777 996 1838 statuit.
1078 1778 1247 1858 prius
1279 1799 1405 1840 uno
1434 1798 1470 1838 a
1494 1777 1940 1854 Novocastello,
1977 1778 2231 1840 alterum
2269 1779 2346 1838 ab
2368 1779 2574 1839 Abba-

376 1857 597 1919 tisvilla
632 1881 758 1921 uno
803 1870 867 1922 et
909 1863 1339 1942 sesquimilliari
1371 1863 1584 1924 dietate
1626 1873 1951 1942 utrumque
1974 1862 2149 1923 binae
2177 1864 2432 1925 familiae
2455 1864 2574 1924 ad·-

375 1942 626 2004 modum
652 1945 839 2007 nobili
867 1967 1188 2028 cognomen
1218 1948 1404 2009 dedit.
1486 1948 1886 2028 Talogiensem
1922 1948 2307 2009 Balliolorum
2337 1959 2575 2028 gentem

373 2029 790 2109 perantiquam
827 2033 1006 2092 fuisse
1042 2042 1295 2094 testatur
1310 2031 1388 2112 ²)
1421 2032 1684 2113 diploma
1723 2032 1975 2093 Roberti
2013 2033 2295 2114 Augends
2340 2033 2572 2094 comitis

374 2112 452 2175 Δ.
484 2118 677 2191 1086,
714 2116 778 2175 in
805 2136 927 2196 quo
950 2127 1313 2178 memoratur
1338 2115 1697 2198 Gnissi-idua
1722 2115 1798 2177 de
1820 2118 2077 2178 Baitoil.
2159 2126 2361 2178 exstat
2386 2136 2571 2198 prae-

370 2205 540 2258 terea
583 2198 747 2260 aliud
783 2201 1095 2262 Balliolum
1134 2202 1201 2262 in
1245 2201 1387 2280 ipsis
1417 2201 1715 2261 Caletibus
1742 2200 1822 2273 ad
1846 2203 2150 2279 Sequanae
2182 2202 2362 2278 ostia,
2401 2201 2570 2281 quod

372 2283 767 2345 nobilissimae
792 2287 1016 2366 pariter
1035 2284 1293 2347 familiae
1316 2305 1537 2346 nomen
1558 2284 1783 2347 indidit
1806 2284 2005 2345 adhue
2022 2284 2348 2365 superstiti.
2423 2285 2569 2366 plu-

371 2387 470 2428 res
500 2369 753 2449 denique
780 2370 1044 2431 eiusdem
1075 2369 1437 2451 cognominis
1468 2370 1836 2452 per-illustres
1866 2371 2030 2431 viros
2054 2369 2279 2430 babent
2304 2371 2567 2454 scripto-

369 2472 473 2515 res
490 2503 511 2532 ,
554 2475 704 2535 quos
745 2465 1078 2538 postremae
1117 2456 1501 2517 Balliolorum
1537 2456 1699 2535 genti
1739 2465 2049 2516 accensent
2085 2456 2369 2535 plerique.
2450 2455 2566 2518 boe

371 2538 534 2600 inter
569 2543 834 2603 occurrit
877 2542 1038 2623 apud
1075 2541 1428 2603 Ordericum
1461 2542 1718 2604 vitalem
1743 2541 1787 2604 l.
1815 2542 1857 2606 6
1891 2540 1965 2605 Δ.
1996 2544 2162 2608 1082
2188 2539 2565 2622 Raynaldu·

370 2621 452 2683 de
492 2626 766 2703 Baillol,
817 2628 915 2688 cui
953 2647 1114 2688 uxor
1155 2626 1276 2686 suit
1313 2626 1566 2687 Aimeria
1581 2673 1602 2703 ,
1661 2625 1899 2706 Rogerii
1947 2624 2026 2685 de
2069 2625 2563 2705 montegomerico

372 2709 911 2773 Scrobesburiensis
949 2713 1015 2773 in
1052 2712 1262 2791 Anglia
1303 2721 1367 2772 et
1399 2712 1764 2772 Belismensis
1784 2710 1849 2770 in
1879 2709 2067 2771 Gallia
2096 2710 2327 2770 comitis
2347 2710 2563 2791 neptis,

372 2793 565 2873 quiin
594 2794 876 2876 Hispania
910 2808 1115 2859 contra
1145 2800 1465 2857 Saracenos
1496 2809 1839 2876 congressus
1866 2804 1975 2857 est.
2056 2794 2212 2855 illius
2241 2815 2424 2876 porro
2452 2815 2560 2854 ca·-

372 2888 598 2954 strum,
639 2881 803 2960 quod
840 2881 1020 2943 fidem
1057 2882 1316 2943 debitam
1353 2881 1713 2958 abiurasset,
1746 2880 1980 2942 obsedit
2001 2878 2294 2940 Henricus
2318 2880 2559 2959 Angliae

369 2982 486 3025 rex
510 2964 620 3025 sub
648 2966 719 3026 A.
752 2970 915 3032 1119
942 2966 1031 3049 ⁸).
1084 2971 1524 3028 castro’nomen
1546 2967 1665 3027 suit
1687 2965 1916 3026 Mansio
1939 2965 2279 3044 Renwardi,
2305 2965 2471 3044 quod
2494 2965 2561 3026 in

368 3049 756 3111 Balliolorum
796 3052 1016 3112 familia
1050 3052 1337 3113 caletensi
1372 3052 1452 3112 ad
1482 3054 1812 3130 Sequanam
1842 3051 1948 3111 diu
1974 3050 2161 3111 stetit.
2241 3069 2560 3111 recensen-

370 3141 478 3193 tur
515 3147 820 3214 praeterea
853 3137 951 3195 alii
987 3158 1108 3198 non
1138 3138 1346 3217 pauci,
1398 3137 1773 3198 Guillelmus
1810 3136 2032 3195 scilicet
2061 3143 2122 3194 et
2147 3137 2457 3195 Herio-icus
2482 3133 2559 3196 de

367 3220 620 3279 Baillol
634 3221 697 3280 in
725 3220 1022 3282 Caletibus
1043 3222 1154 3282 sub
1172 3222 1443 3302 Philippo
1469 3221 1737 3301 Augusto
1764 3239 1930 3300 rege:
1970 3220 2121 3280 alter
2150 3221 2458 3278 Hmricus
2481 3217 2556 3299 ⁴³)

368 3302 485 3363 sub
509 3304 620 3365 An.
647 3311 840 3383 12713
883 3307 1295 3386 engerrannus
1324 3307 1578 3386 denique
1606 3306 1682 3366 de
1711 3304 1973 3381 Baiuol,
2015 3303 2296 3363 Franciae
2325 3302 2557 3362 thalas-

367 3388 639 3450 aiarchus
673 3389 942 3471 Philippo
976 3392 1057 3452 111
1095 3401 1413 3471 regnante,
1480 3410 1656 3469 quem
1699 3410 2007 3472 perperam
2048 3386 2556 3448 Codiciaoensibus

369 3472 655 3534 adscribit
678 3475 1051 3539 Belforestua.
1132 3478 1236 3537 sed
1260 3476 1377 3537 hoc
1398 3476 1688 3537 indicasse
1709 3476 1848 3534 satis
1868 3475 1948 3534 sit
1969 3472 2044 3532 ad
2067 3472 2253 3551 gentis
2278 3470 2554 3531 Balliolae

369 3558 937 3623 commendationem
955 3609 975 3642 ‚
1016 3562 1186 3623 cuius
1229 3562 1571 3639 ceteroquin
1609 3570 1856 3621 stemma
1896 3565 2170 3618 accurate
2197 3558 2372 3633 satis,
2411 3555 2555 3615 licet

366 3661 494 3703 non
519 3664 553 3703 a
576 3644 877 3725 primaeva
904 3647 997 3707 sui
1021 3647 1272 3725 origine,
1312 3647 1622 3708 contexuit
1641 3646 1988 3706 Franciseue
2011 3641 2447 3717 Blanchardue,
2487 3639 2553 3700 in

366 3728 617 3806 patiam
664 3729 1045 3793 Balliolorum
1093 3733 1503 3794 Parisiensium
1515 3775 1538 3812 ,
1593 3732 1697 3811 qui
1734 3729 2009 3791 abdicato
2047 3746 2355 3812 pronuper
2393 3743 2552 3807 sago,

508 3980 580 4049 1)
614 3980 939 4035 Malbranoes
971 3982 1009 4036 l.
1037 3985 1104 4038 10
1138 3980 1205 4036 de
1231 3981 1420 4036 Morbi.
1443 3999 1489 4037 e.
1517 3982 1674 4049 1o,1.
1699 3982 1767 4037 11
1808 3997 1855 4034 o.
1877 3983 1943 4036 61
1965 3980 2065 4044 90,
2096 3970 2549 4044 Loeriussnepiet·

365 4048 604 4118 praefixa
625 4050 881 4104 Chronico
899 4051 1043 4134 Belg.
1066 4052 1339 4106 Froissart.
1363 4055 1393 4107 1
1414 4052 1518 4108 vol.
1539 4069 1595 4123 p.
1618 4053 1688 4109 67
1699 4090 1718 4120 ,
1749 4050 2013 4105 Lambert.
2037 4046 2160 4102 Ard.
2183 4062 2238 4116 p.
2256 4045 2345 4101 79.

505 4120 1304 4253 {3·22.·::t1:=2÷3.z²¹>;:2·222..

506 4255 580 4326 4)
612 4256 746 4329 Reg-
766 4264 918 4329 pater
934 4257 1169 4315 menard.
1188 4257 1243 4313 in
1264 4259 1373 4313 not.
1396 4257 1467 4314 ad
1484 4255 1702 4318 mmm.
1721 4256 1911 4332 pem,
1939 4256 2108 4312 Gesta
2123 4248 2347 4309 Pham
2368 4243 2553 4321 pete.

2590 2796 2773 2853 Pete
