3064 4890
481 314 575 386 IN
598 311 1060 385 NIGEPHORI
1081 309 1488 381 BRYENNH
1516 308 1959 383 conmENT.
1985 309 2290 377 NOTAE.
2367 306 2517 380 225

330 482 617 565 gessisset,
644 488 719 541 ut
742 486 1071 555 auctorest
1091 475 1368 537 Psi-isius.
1450 473 1728 535 universa
1750 469 1821 557 ¹)
1863 472 2098 534 interim
2130 494 2282 554 quae
2306 474 2368 535 in
2394 474 2524 535 An·-

333 570 450 649 glia
497 566 840 648 possidebat
876 562 1119 644 praedia
1157 561 1301 621 fisco
1335 557 1575 620 addicta
1608 567 1778 630 sunt,
1820 559 2081 640 exceptis
2122 561 2347 639 aliquot
2375 581 2527 639 quae

339 654 420 715 ad
440 652 764 714 Antonium
788 649 1235 710 Dunelmensem
1259 646 1595 726 episcopum
1612 688 1631 721 ,
1670 653 1973 722 tamquam
2008 648 2281 707 comitem
2307 647 2527 728 palati-

337 758 520 815 num,
561 736 771 797 caduci
795 737 924 797 iure
948 743 1092 794 sunt
1117 731 1400 793 devoluta
1420 775 1440 808 ‚
1476 731 1542 791 in
1570 730 1784 808 quibus
1811 731 2038 790 exstitit
2072 731 2344 792 Castrum
2377 733 2527 792 Ber-

338 823 545 895 nardi,
585 822 752 902 quod
785 840 944 881 nova
970 818 1374 879 aedificiorum
1414 823 1474 874 et
1510 824 1949 875 structurarum
1982 817 2308 877 accessione
2335 819 2525 881 auxit.

344 918 480 970 orta
507 904 583 989 ²)
627 906 838 967 deinde
860 925 1055 985 regem
1081 904 1243 964 inter
1269 911 1328 963 et
1353 902 1688 982 episcopum
1716 902 2148 978 controversia,
2189 923 2530 966 concessum

343 993 498 1054 illud
528 1002 618 1053 est
648 989 1029 1053 warwicensi
1059 988 1276 1049 comiti.
1358 987 1564 1047 loanni
1591 985 1658 1061 ³)
1703 988 2014 1046 Scotorum
2042 987 2160 1068 regi
2190 992 2399 1051 unicus
2423 1013 2532 1052 su-

525 1077 574 1137 ’t
609 1077 767 1138 filius
806 1074 1187 1150 Edwardus,
1230 1072 1326 1132 cui
1366 1072 1509 1131 dum
1553 1069 1752 1130 adhuc
1776 1090 1956 1150 regno
1986 1075 2320 1153 potiretur,
2359 1077 2535 1136 Ioan-

347 1184 490 1225 nam
526 1163 720 1223 Caroli
751 1161 1007 1223 Valesiae
1028 1150 1258 1220 comitis
1287 1157 1468 1217 filiam
1510 1156 1956 1237 primogenitam
2003 1157 2387 1238 desponsarat
2424 1182 2536 1243 pa..

348 1267 491 1315 nm
514 1247 626 1308 sub
652 1248 762 1307 An.
792 1250 955 1312 1295
974 1243 1045 1324 ⁴)
1061 1291 1081 1320 ‚
1120 1242 1306 1325 pactis
1335 1242 1399 1302 in
1427 1243 1629 1302 dotem
1657 1260 1763 1302 seu
1788 1241 2152 1320 dotalitium,
2195 1255 2267 1306 ut
2295 1257 2538 1328 vocant,

356 1335 522 1401 1500
546 1332 963 1409 sterlingorum
990 1329 1156 1390 libris
1175 1331 1239 1389 in
1269 1327 1516 1388 Balliolo
1532 1372 1551 1403 ‚
1584 1328 1927 1407 Damperts,
1959 1327 2264 1390 Helicurte
2290 1341 2350 1392 et
2372 1332 2540 1393 Hor-

352 1438 514 1497 nayo
551 1418 614 1478 in
654 1436 836 1497 regno
879 1416 1189 1490 Franciae,
1232 1422 1296 1473 et
1333 1413 1460 1472 aliis
1498 1413 1561 1472 in
1608 1413 1806 1472 Scotia
1842 1413 2098 1493 praediis
2128 1417 2537 1499 percipiendis.

356 1521 511 1582 quae
546 1502 786 1581 quidem
825 1501 1128 1581 praedicta
1170 1501 1234 1558 in
1278 1497 1466 1558 Gallia
1500 1497 1744 1578 praedia
1776 1498 1840 1558 in
1870 1498 2270 1561 Vinemscensi
2307 1523 2453 1583 pago
2478 1511 2543 1562 et

354 1587 701 1649 Pontivensi
759 1588 1048 1646 comitatu
1103 1584 1305 1663 paucis
1358 1603 1392 1641 a
1431 1602 1494 1642 se
1531 1584 1788 1644 invicem
1838 1583 2025 1643 divisa
2072 1585 2393 1647 intervallis
2430 1590 2545 1648 sita

355 1681 516 1733 sunt.
598 1692 809 1734 verum
837 1680 1080 1752 parente
1105 1670 1169 1729 in
1203 1667 1469 1729 ordinem
1499 1668 1746 1729 redacto
1764 1711 1783 1743 ,
1819 1669 2037 1729 insecta
2059 1690 2391 1733 remansere
2420 1695 2546 1735 nu·-

355 1759 618 1839 ptiarum
661 1765 848 1837 pacta.
932 1753 1003 1835 ⁶)
1047 1753 1342 1814 exstincto
1389 1762 1524 1833 post
1563 1752 1712 1813 haec
1759 1758 1800 1820 6
1831 1754 1913 1818 ld.
1951 1755 2235 1817 Novemb.
2275 1758 2344 1818 A.
2382 1764 2549 1826 1827

358 1842 573 1904 Brusio
604 1862 770 1922 rege,
815 1841 920 1920 qui
958 1840 1248 1900 Davidem
1289 1839 1475 1898 filium
1506 1838 1852 1899 diadematis
1873 1838 2187 1902 haeredem
2209 1847 2550 1924 reliquerat,

358 1927 697 1989 Edwardus
739 1927 967 2004 aliquot
1001 1925 1372 1985 Scoticornm
1421 1944 1734 2005 procerum
1783 1945 1930 2004 ope,
1973 1934 2151 2004 atque
2184 1930 2332 1989 adeo
2365 1930 2551 2010 ipsius

361 2012 607 2092 Angli-e
646 2012 799 2092 regis
830 2010 1015 2071 fultus
1055 2010 1310 2085 auxilio,
1353 2010 1650 2069 Scoticum
1682 2011 1900 2072 invasit
1927 2031 2172 2091 regnum
2204 2015 2315 2074 sub
2346 2015 2552 2094 Augu-

363 2109 525 2159 stum
569 2115 827 2157 mensem
867 2097 936 2156 A.
969 2100 1133 2160 1880
1166 2115 1234 2153 ac
1265 2097 1306 2160 5
1334 2094 1465 2155 Kal.
1488 2096 1703 2156 Octob.
1728 2096 1999 2176 proxime
2023 2098 2382 2175 insequentis
2413 2100 2554 2159 anni

364 2191 687 2244 coronatus
725 2180 827 2260 ⁶),
883 2200 953 2240 eo
992 2181 1229 2239 nomine
1267 2178 1446 2240 fidem
1485 2179 1760 2257 deinceps
1806 2181 2100 2259 praestitit
2140 2184 2438 2245 Edwardo
2477 2184 2556 2246 m

366 2268 614 2347 Angliae
647 2266 771 2346 regi
816 2265 892 2330 14
921 2264 1054 2325 Kal.
1082 2264 1189 2324 lul.
1230 2266 1297 2323 A.
1323 2267 1487 2329 1334
1517 2266 1580 2322 in
1613 2264 1863 2344 publicis
1890 2266 2050 2345 apud
2078 2267 2406 2330 Eboracum
2449 2289 2555 2329 co-

368 2353 571 2420 mitiis.
653 2370 764 2411 nec
810 2349 915 2409 din
958 2357 1132 2429 parta
1170 2347 1397 2427 potitus
1435 2347 1749 2426 dignitate,
1818 2369 2000 2429 regno
2049 2361 2295 2414 exactus
2330 2365 2393 2414 et
2425 2355 2560 2415 iure

372 2438 537 2500 omni
558 2439 621 2497 in
647 2434 800 2497 illud
828 2456 936 2495 suo
961 2435 1024 2495 in
1051 2434 1304 2493 eundem
1328 2432 1694 2494 Edwardnm
1727 2434 1964 2514 Anglias
1989 2456 2182 2516 regem
2204 2459 2325 2511 seu,
2357 2450 2427 2500 ut
2455 2440 2558 2501 alii

372 2523 591 2585 volunt
607 2570 625 2599 ,
664 2521 1003 2596 Leonellum
1031 2518 1309 2579 Edwardi
1337 2518 1527 2579 filium
1554 2522 1962 2600 transscripta,
2002 2526 2042 2587 8
2071 2523 2206 2585 Kal.
2234 2525 2411 2592 Febr.
2442 2526 2561 2603 vel,

374 2618 450 2669 ut
472 2607 820 2686 quibusdam
851 2606 1062 2686 placet,
1084 2603 1441 2685 Epiphaniae
1463 2604 1560 2664 die
1580 2607 1729 2666 festo
1759 2607 1826 2666 A.
1847 2609 2030 2683 1356,
2055 2619 2389 2670 extremum
2420 2620 2562 2670 tan-

372 2694 515 2753 dem
544 2693 699 2753 diem
730 2691 878 2751 obiit
900 2691 978 2751 ad
1012 2690 1414 2751 Duncastriam
1446 2690 1554 2753 An.
1576 2696 1737 2757 1868
1758 2689 1848 2771 7).
1933 2713 2007 2752 ex
2032 2694 2234 2754 eadem
2261 2707 2565 2774 praeterea

378 2777 705 2839 Balliolana
744 2775 961 2836 familia
995 2775 1239 2855 Anglica
1284 2786 1647 2837 memoratur
1675 2776 2027 2853 Radulfus,
2069 2780 2169 2857 qui
2202 2782 2312 2840 sub
2345 2781 2565 2841 Ioanne

378 2862 749 2923 Varennensi
789 2860 1006 2921 comite
1043 2861 1204 2922 vixit
1239 2860 1394 2919 circa
1443 2863 1515 2920 Δ.
1560 2866 1743 2928 1800.
1831 2865 2039 2923 Simon
2077 2864 2399 2925 vicecomes
2422 2867 2564 2925 Cla-

734 2945 748 2960 .
1462 2946 1492 2985 ⁸
2475 2953 2489 2966 .

379 2968 586 3094 '3⁸12'
588 2966 687 3092 32
664 2944 2569 3112 Ἥέἷῧῗηῗέἓέζὶἱαέάῖ’.ἕῖιῖῗὲἴιὲῗῗέεὲᾞξῖ

385 3118 608 3178 stincto
654 3137 837 3197 porro
877 3116 1126 3196 improle
1156 3115 1460 3177 Edwardo
1490 3119 1800 3178 Scotorum
1836 3139 2001 3199 rege,
2043 3129 2251 3179 exorta
2278 3130 2366 3179 est
2391 3123 2466 3182 de
2489 3123 2570 3181 il-

385 3203 503 3263 lius
526 3203 589 3263 in
617 3202 862 3263 Francia
896 3200 1070 3262 bonis
1094 3201 1492 3263 controversia
1510 3249 1528 3280 ‚
1569 3224 1638 3262 ao
1671 3204 1746 3263 de
1775 3205 2018 3265 Balliolo
2043 3207 2388 3284 praesertim
2405 3252 2424 3281 ,
2468 3207 2573 3267 in-

385 3297 487 3349 ter
510 3286 893 3368 deulphum
936 3287 1010 3346 de
1040 3287 1349 3348 codiciaco
1385 3288 1603 3348 Montis
1627 3289 1906 3350 mirabilis
1931 3288 2305 3368 toparcham,
2350 3291 2573 3351 Gatha-

389 3374 584 3434 riuum
605 3373 1050 3434 Atrebatensem
1076 3374 1257 3433 Albae
1282 3373 1501 3433 Mariae
1526 3369 1878 3436 comitissam
1909 3385 1972 3434 et
1998 3375 2303 3455 Hugonem
2348 3377 2421 3435 de
2447 3378 2578 3436 Me-

392 3457 618 3518 leduno
646 3458 890 3518 Antoini
934 3457 1237 3519 dominum
1280 3459 1486 3519 uxoris
1529 3459 1692 3539 iure;
1745 3462 2034 3540 cessitque
2077 3461 2315 3520 tandem
2357 3462 2577 3521 Ballio-

392 3542 574 3604 lensio
602 3543 937 3604 castellama
961 3544 1279 3627 Radulpho
1293 3541 1370 3627 ⁰),
1406 3553 1478 3605 ut
1506 3543 1836 3609 christinae
1858 3546 1932 3607 de
1955 3548 2252 3626 Βαίὶἱειιί,
2296 3547 2581 3609 Edwardi
2678 3583 2688 3596 ·

538 3780 570 3833 1
641 3741 923 3842 Godwinus
944 3777 998 3836 in
1017 3778 1245 3833 Praesul.
1271 3780 1421 3851 Angl-

536 3847 574 3901 2
640 3847 791 3900 Tom.
814 3849 848 3901 2
868 3847 1086 3901 Monast.
1110 3866 1162 3919 p.
1185 3850 1303 3904 846.

538 3917 576 3978 3
648 3916 949 3985 Walsingh„
984 3917 1281 3986 Knighton..
1315 3916 1559 3979 Buchan„
1596 3918 1848 3974 'rincum

540 3986 580 4039 4
653 3984 1050 4054 Chartophylac.
1075 3987 1207 4055 Reg.
1228 3987 1407 4040 laniata
1427 3987 1647 4041 Esoosse
1667 3989 1746 4045 tit.
1773 3991 1824 4043 1.

540 4053 616 4187 (ιζ
648 4054 924 4137 Froissart.
946 4058 975 4109 1
994 4055 1100 4138 vot:
1123 4072 1169 4107 ο.
1190 4057 1260 4113 21
1275 4093 1293 4125 ,
1329 4056 1520 4116 caron.
1538 4056 1842 4112 Flandreus.
1863 4073 1912 4115 ο.
1932 4057 2022 4115 71.
2136 4054 2142 4062 ’

542 4122 624 4399 3}
649 4122 1271 4248 Μ.

548 4259 583 4312 8
658 4260 929 4313 Froissart.
962 4264 991 4316 1
1015 4261 1120 4316 vol.
1147 4279 1193 4316 c.
1216 4262 1288 4317 27
1307 4262 1515 4332 90188,
1539 4260 1663 4319 Chr.
1687 4261 1755 4318 de
1773 4260 1983 4324 nandr-

545 4327 584 4384 9
652 4327 973 4385 Duchesuius
990 4329 1045 4385 iu
1065 4330 1206 4387 ntst.
1228 4329 1410 4387 Codic-
