<?xml version="1.0" encoding="UTF-8"?>
<!DOCTYPE html PUBLIC "-//W3C//DTD XHTML 1.0 Transitional//EN"
    "http://www.w3.org/TR/xhtml1/DTD/xhtml1-transitional.dtd">
<html xmlns="http://www.w3.org/1999/xhtml" xml:lang="en" lang="en">
 <head>
  <title>
</title>
<meta http-equiv="Content-Type" content="text/html;charset=utf-8" />
  <meta name='ocr-system' content='tesseract 3.04.00' />
  <meta name='ocr-capabilities' content='ocr_page ocr_carea ocr_par ocr_line ocrx_word'/>
</head>
<body>
  <div class='ocr_page' id='page_1' title='image "./corpusscriptoru15berlgoog_0405.png"; bbox 0 0 3064 4890; ppageno 0'>
   <div class='ocr_carea' id='block_1_1' title="bbox 507 301 2459 384">
    <p class='ocr_par' dir='ltr' id='par_1_1' title="bbox 507 301 2459 384">
     <span class='ocr_line' id='line_1_1' title="bbox 507 301 2459 384; baseline 0.005 -8"><span class='ocrx_word' id='word_1_1' title='bbox 507 309 598 376; x_wconf 86' lang='lat' dir='ltr'><strong>IN</strong></span> <span class='ocrx_word' id='word_1_2' title='bbox 625 307 1109 378; x_wconf 76' lang='lat' dir='ltr'><strong>HISTORIAM</strong></span> <span class='ocrx_word' id='word_1_3' title='bbox 1133 308 1480 376; x_wconf 75' lang='lat' dir='ltr'><strong>IOANNIS</strong></span> <span class='ocrx_word' id='word_1_4' title='bbox 1510 308 1866 378; x_wconf 78' lang='lat' dir='ltr'><strong>CINNAMI</strong></span> <span class='ocrx_word' id='word_1_5' title='bbox 1891 301 2196 378; x_wconf 80' lang='lat' dir='ltr'><strong>NOTAE.</strong></span> <span class='ocrx_word' id='word_1_6' title='bbox 2314 313 2459 384; x_wconf 87' lang='lat'><strong>371</strong></span> 
     </span>
    </p>
   </div>
   <div class='ocr_carea' id='block_1_2' title="bbox 227 471 2459 4416">
    <p class='ocr_par' dir='ltr' id='par_1_2' title="bbox 250 471 2459 1154">
     <span class='ocr_line' id='line_1_2' title="bbox 256 471 2459 555; baseline 0.002 -21"><span class='ocrx_word' id='word_1_7' title='bbox 256 472 430 535; x_wconf 79' lang='lat' dir='ltr'><strong>dienti</strong></span> <span class='ocrx_word' id='word_1_8' title='bbox 469 471 752 534; x_wconf 83' lang='lat' dir='ltr'><strong>Herodes</strong></span> <span class='ocrx_word' id='word_1_9' title='bbox 791 484 976 554; x_wconf 79' lang='lat' dir='ltr'><strong>atque</strong></span> <span class='ocrx_word' id='word_1_10' title='bbox 999 477 1254 536; x_wconf 79' lang='lat' dir='ltr'><strong>Pilatus</strong></span> <span class='ocrx_word' id='word_1_11' title='bbox 1297 478 1390 534; x_wconf 90' lang='lat' dir='ltr'><strong>sic</strong></span> <span class='ocrx_word' id='word_1_12' title='bbox 1428 479 1619 535; x_wconf 84' lang='lat' dir='ltr'><strong>etiam</strong></span> <span class='ocrx_word' id='word_1_13' title='bbox 1664 478 2084 537; x_wconf 77' lang='lat' dir='ltr'><strong>ministravere</strong></span> <span class='ocrx_word' id='word_1_14' title='bbox 2098 478 2130 536; x_wconf 70' lang='lat' dir='ltr'>P</span> <span class='ocrx_word' id='word_1_15' title='bbox 2217 500 2302 555; x_wconf 83' lang='lat' dir='ltr'><strong>an</strong></span> <span class='ocrx_word' id='word_1_16' title='bbox 2333 483 2459 540; x_wconf 87' lang='lat' dir='ltr'><strong>Pe-</strong></span> 
     </span>
     <span class='ocr_line' id='line_1_3' title="bbox 256 562 2459 641; baseline 0.003 -22"><span class='ocrx_word' id='word_1_17' title='bbox 256 575 403 621; x_wconf 78' lang='lat' dir='ltr'><strong>trum</strong></span> <span class='ocrx_word' id='word_1_18' title='bbox 427 562 700 620; x_wconf 81' lang='lat' dir='ltr'><em>Romam</em></span> <span class='ocrx_word' id='word_1_19' title='bbox 725 564 1052 620; x_wconf 67' lang='lat' dir='ltr'><strong>venientem</strong></span> <span class='ocrx_word' id='word_1_20' title='bbox 1075 564 1170 619; x_wconf 86' lang='lat' dir='ltr'><strong>ita</strong></span> <span class='ocrx_word' id='word_1_21' title='bbox 1199 563 1361 621; x_wconf 87' lang='lat' dir='ltr'><strong>Nero</strong></span> <span class='ocrx_word' id='word_1_22' title='bbox 1390 582 1550 621; x_wconf 80' lang='lat' dir='ltr'><strong>suus</strong></span> <span class='ocrx_word' id='word_1_23' title='bbox 1577 564 1840 641; x_wconf 76' lang='lat' dir='ltr'><strong>excepit?</strong></span> <span class='ocrx_word' id='word_1_24' title='bbox 1898 562 2005 624; x_wconf 80' lang='lat' dir='ltr'><strong>sed</strong></span> <span class='ocrx_word' id='word_1_25' title='bbox 2038 582 2215 624; x_wconf 74' lang='lat' dir='ltr'><strong>canes</strong></span> <span class='ocrx_word' id='word_1_26' title='bbox 2250 566 2459 625; x_wconf 88' lang='lat' dir='ltr'><strong>lunam</strong></span> 
     </span>
     <span class='ocr_line' id='line_1_4' title="bbox 254 645 2459 720; baseline 0.002 -14"><span class='ocrx_word' id='word_1_27' title='bbox 254 648 569 720; x_wconf 78' lang='lat' dir='ltr'><strong>oblatrent,</strong></span> <span class='ocrx_word' id='word_1_28' title='bbox 627 654 690 705; x_wconf 89' lang='lat' dir='ltr'><strong>et</strong></span> <span class='ocrx_word' id='word_1_29' title='bbox 717 645 984 705; x_wconf 79' lang='lat' dir='ltr'><strong>invidiae</strong></span> <span class='ocrx_word' id='word_1_30' title='bbox 1016 666 1087 705; x_wconf 88' lang='lat' dir='ltr'><strong>ac</strong></span> <span class='ocrx_word' id='word_1_31' title='bbox 1114 647 1567 708; x_wconf 79' lang='lat' dir='ltr'><strong>malevolentiae</strong></span> <span class='ocrx_word' id='word_1_32' title='bbox 1605 667 1745 708; x_wconf 83' lang='lat' dir='ltr'><strong>auae</strong></span> <span class='ocrx_word' id='word_1_33' title='bbox 1773 648 2011 709; x_wconf 78' lang='lat' dir='ltr'><strong>aculeos</strong></span> <span class='ocrx_word' id='word_1_34' title='bbox 2035 650 2096 710; x_wconf 93' lang='lat' dir='ltr'><strong>in</strong></span> <span class='ocrx_word' id='word_1_35' title='bbox 2126 651 2459 711; x_wconf 86' lang='lat' dir='ltr'><strong>Romanam</strong></span> 
     </span>
     <span class='ocr_line' id='line_1_5' title="bbox 251 731 2455 813; baseline 0.002 -21"><span class='ocrx_word' id='word_1_36' title='bbox 251 742 305 792; x_wconf 81' lang='lat' dir='ltr'><strong>et</strong></span> <span class='ocrx_word' id='word_1_37' title='bbox 336 733 724 813; x_wconf 78' lang='lat' dir='ltr'><strong>apostolicam</strong></span> <span class='ocrx_word' id='word_1_38' title='bbox 765 731 969 791; x_wconf 82' lang='lat' dir='ltr'><strong>sedem</strong></span> <span class='ocrx_word' id='word_1_39' title='bbox 1007 740 1448 812; x_wconf 73' lang='lat' dir='ltr'><strong>contorqueant</strong></span> <span class='ocrx_word' id='word_1_40' title='bbox 1487 733 1796 810; x_wconf 80' lang='lat' dir='ltr'><strong>haeretici,</strong></span> <span class='ocrx_word' id='word_1_41' title='bbox 1865 733 2194 796; x_wconf 84' lang='lat' dir='ltr'><strong>dummodo</strong></span> <span class='ocrx_word' id='word_1_42' title='bbox 2227 737 2282 795; x_wconf 90' lang='lat' dir='ltr'><strong>ei</strong></span> <span class='ocrx_word' id='word_1_43' title='bbox 2311 756 2455 796; x_wconf 76' lang='lat' dir='ltr'><strong>suus</strong></span> 
     </span>
     <span class='ocr_line' id='line_1_6' title="bbox 251 812 2453 901; baseline 0.002 -26"><span class='ocrx_word' id='word_1_44' title='bbox 251 827 356 878; x_wconf 74' lang='lat' dir='ltr'><strong>etet</strong></span> <span class='ocrx_word' id='word_1_45' title='bbox 380 817 581 877; x_wconf 77' lang='lat' dir='ltr'><strong>honos</strong></span> <span class='ocrx_word' id='word_1_46' title='bbox 592 862 614 893; x_wconf 92' lang='lat'>,</span> <span class='ocrx_word' id='word_1_47' title='bbox 670 826 734 876; x_wconf 88' lang='lat' dir='ltr'><strong>et</strong></span> <span class='ocrx_word' id='word_1_48' title='bbox 773 836 926 895; x_wconf 87' lang='lat' dir='ltr'><strong>quae</strong></span> <span class='ocrx_word' id='word_1_49' title='bbox 973 817 1228 878; x_wconf 85' lang='lat' dir='ltr'><strong>debetur</strong></span> <span class='ocrx_word' id='word_1_50' title='bbox 1273 839 1309 877; x_wconf 84' lang='lat' dir='ltr'><strong>a</strong></span> <span class='ocrx_word' id='word_1_51' title='bbox 1331 817 1681 879; x_wconf 75' lang='lat' dir='ltr'><strong>Christianis</strong></span> <span class='ocrx_word' id='word_1_52' title='bbox 1716 812 2087 901; x_wconf 76' lang='lat' dir='ltr'><strong>principibus</strong></span> <span class='ocrx_word' id='word_1_53' title='bbox 2119 823 2453 881; x_wconf 84' lang='lat' dir='ltr'><strong>reverentia</strong></span> 
     </span>
     <span class='ocr_line' id='line_1_7' title="bbox 250 902 1765 985; baseline 0.001 -22"><span class='ocrx_word' id='word_1_54' title='bbox 250 914 304 963; x_wconf 86' lang='lat' dir='ltr'><strong>et</strong></span> <span class='ocrx_word' id='word_1_55' title='bbox 325 904 629 966; x_wconf 74' lang='lat' dir='ltr'><strong>veneratio</strong></span> <span class='ocrx_word' id='word_1_56' title='bbox 677 902 987 983; x_wconf 76' lang='lat' dir='ltr'><strong>deinceps,</strong></span> <span class='ocrx_word' id='word_1_57' title='bbox 1044 912 1118 964; x_wconf 89' lang='lat' dir='ltr'><strong>ut</strong></span> <span class='ocrx_word' id='word_1_58' title='bbox 1145 903 1318 979; x_wconf 83' lang='lat' dir='ltr'><strong>olim,</strong></span> <span class='ocrx_word' id='word_1_59' title='bbox 1377 905 1765 985; x_wconf 77' lang='lat' dir='ltr'><strong>praebeatur:</strong></span> 
     </span>
     <span class='ocr_line' id='line_1_8' title="bbox 650 988 2034 1071; baseline 0.004 -25"><span class='ocrx_word' id='word_1_60' title='bbox 650 1022 737 1036; x_wconf 88' lang='lat'><strong>—-</strong></span> <span class='ocrx_word' id='word_1_61' title='bbox 781 989 892 1047; x_wconf 84' lang='lat' dir='ltr'><strong>sed</strong></span> <span class='ocrx_word' id='word_1_62' title='bbox 913 988 1164 1067; x_wconf 68' lang='lat' dir='ltr'><strong>flustra</strong></span> <span class='ocrx_word' id='word_1_63' title='bbox 1197 993 1413 1071; x_wconf 76' lang='lat' dir='ltr'><strong>agitur</strong></span> <span class='ocrx_word' id='word_1_64' title='bbox 1437 1012 1558 1050; x_wconf 76' lang='lat' dir='ltr'><strong>vox</strong></span> <span class='ocrx_word' id='word_1_65' title='bbox 1588 994 1775 1049; x_wconf 84' lang='lat' dir='ltr'><strong>irrita</strong></span> <span class='ocrx_word' id='word_1_66' title='bbox 1804 994 1999 1052; x_wconf 73' lang='lat' dir='ltr'><strong>ventis</strong></span> <span class='ocrx_word' id='word_1_67' title='bbox 2015 1039 2034 1067; x_wconf 86' lang='lat'>,</span> 
     </span>
     <span class='ocr_line' id='line_1_9' title="bbox 649 1074 1907 1154; baseline 0.002 -22"><span class='ocrx_word' id='word_1_68' title='bbox 649 1085 705 1132; x_wconf 86' lang='lat' dir='ltr'><strong>et</strong></span> <span class='ocrx_word' id='word_1_69' title='bbox 732 1076 983 1154; x_wconf 77' lang='lat' dir='ltr'><strong>peragit</strong></span> <span class='ocrx_word' id='word_1_70' title='bbox 1013 1096 1233 1135; x_wconf 78' lang='lat' dir='ltr'><strong>cursus</strong></span> <span class='ocrx_word' id='word_1_71' title='bbox 1261 1074 1462 1136; x_wconf 84' lang='lat' dir='ltr'><strong>surda</strong></span> <span class='ocrx_word' id='word_1_72' title='bbox 1489 1078 1714 1136; x_wconf 87' lang='lat' dir='ltr'><strong>Diana</strong></span> <span class='ocrx_word' id='word_1_73' title='bbox 1740 1097 1907 1136; x_wconf 82' lang='lat' dir='ltr'><strong>suos.</strong></span> 
     </span>
    </p>

    <p class='ocr_par' dir='ltr' id='par_1_3' title="bbox 227 1158 2452 4416">
     <span class='ocr_line' id='line_1_10' title="bbox 245 1158 2451 1244; baseline 0.001 -25"><span class='ocrx_word' id='word_1_74' title='bbox 245 1158 385 1219; x_wconf 85' lang='lat' dir='ltr'><strong>hanc</strong></span> <span class='ocrx_word' id='word_1_75' title='bbox 414 1168 584 1219; x_wconf 82' lang='lat' dir='ltr'><strong>certe</strong></span> <span class='ocrx_word' id='word_1_76' title='bbox 612 1160 918 1239; x_wconf 76' lang='lat' dir='ltr'><strong>praestitit</strong></span> <span class='ocrx_word' id='word_1_77' title='bbox 946 1170 1082 1244; x_wconf 72' lang='lat' dir='ltr'><strong>post</strong></span> <span class='ocrx_word' id='word_1_78' title='bbox 1115 1160 1499 1221; x_wconf 83' lang='lat' dir='ltr'><strong>Fredericum</strong></span> <span class='ocrx_word' id='word_1_79' title='bbox 1525 1161 1689 1222; x_wconf 85' lang='lat' dir='ltr'><strong>Otho</strong></span> <span class='ocrx_word' id='word_1_80' title='bbox 1723 1161 1806 1222; x_wconf 87' lang='lat' dir='ltr'><strong>lv</strong></span> <span class='ocrx_word' id='word_1_81' title='bbox 1835 1163 2193 1241; x_wconf 87' lang='lat' dir='ltr'><strong>imperator,</strong></span> <span class='ocrx_word' id='word_1_82' title='bbox 2236 1169 2311 1221; x_wconf 85' lang='lat' dir='ltr'><strong>ut</strong></span> <span class='ocrx_word' id='word_1_83' title='bbox 2337 1182 2451 1221; x_wconf 89' lang='lat' dir='ltr'><strong>au-</strong></span> 
     </span>
     <span class='ocr_line' id='line_1_11' title="bbox 248 1245 2452 1324; baseline 0.001 -20"><span class='ocrx_word' id='word_1_84' title='bbox 248 1255 364 1305; x_wconf 88' lang='lat' dir='ltr'><strong>ctor</strong></span> <span class='ocrx_word' id='word_1_85' title='bbox 386 1254 481 1304; x_wconf 78' lang='lat' dir='ltr'><strong>eet</strong></span> <span class='ocrx_word' id='word_1_86' title='bbox 504 1245 812 1306; x_wconf 81' lang='lat' dir='ltr'><strong>Arnoldua</strong></span> <span class='ocrx_word' id='word_1_87' title='bbox 827 1245 1179 1306; x_wconf 75' lang='lat' dir='ltr'><strong>Lubeoensis</strong></span> <span class='ocrx_word' id='word_1_88' title='bbox 1203 1247 1243 1308; x_wconf 88' lang='lat'><strong>1.</strong></span> <span class='ocrx_word' id='word_1_89' title='bbox 1265 1252 1308 1313; x_wconf 89' lang='lat'>7</span> <span class='ocrx_word' id='word_1_90' title='bbox 1335 1253 1505 1324; x_wconf 80' lang='lat' dir='ltr'><strong>c.21,</strong></span> <span class='ocrx_word' id='word_1_91' title='bbox 1534 1248 1637 1307; x_wconf 88' lang='lat' dir='ltr'><strong>ubi</strong></span> <span class='ocrx_word' id='word_1_92' title='bbox 1663 1246 2000 1307; x_wconf 77' lang='lat' dir='ltr'><strong>describens</strong></span> <span class='ocrx_word' id='word_1_93' title='bbox 2026 1245 2290 1314; x_wconf 68' lang='lat' dir='ltr'><strong>eiusdem</strong></span> <span class='ocrx_word' id='word_1_94' title='bbox 2321 1247 2452 1307; x_wconf 83' lang='lat' dir='ltr'><strong>Au-</strong></span> 
     </span>
     <span class='ocr_line' id='line_1_12' title="bbox 244 1330 2450 1412; baseline 0 -22"><span class='ocrx_word' id='word_1_95' title='bbox 244 1331 380 1409; x_wconf 78' lang='lat' dir='ltr'><strong>gusti</strong></span> <span class='ocrx_word' id='word_1_96' title='bbox 418 1331 906 1405; x_wconf 69' lang='lat' dir='ltr'><strong>coronationem,</strong></span> <span class='ocrx_word' id='word_1_97' title='bbox 945 1333 1169 1411; x_wconf 82' lang='lat' dir='ltr'><strong>finito,</strong></span> <span class='ocrx_word' id='word_1_98' title='bbox 1214 1333 1443 1410; x_wconf 87' lang='lat' dir='ltr'><strong>inquit,</strong></span> <span class='ocrx_word' id='word_1_99' title='bbox 1489 1334 1699 1412; x_wconf 83' lang='lat' dir='ltr'><strong>officio</strong></span> <span class='ocrx_word' id='word_1_100' title='bbox 1737 1330 2030 1391; x_wconf 83' lang='lat' dir='ltr'><strong>dominus</strong></span> <span class='ocrx_word' id='word_1_101' title='bbox 2049 1353 2225 1411; x_wconf 85' lang='lat' dir='ltr'><strong>papa</strong></span> <span class='ocrx_word' id='word_1_102' title='bbox 2254 1335 2450 1412; x_wconf 87' lang='lat' dir='ltr'><strong>impe-</strong></span> 
     </span>
     <span class='ocr_line' id='line_1_13' title="bbox 244 1415 2448 1498; baseline 0.001 -25"><span class='ocrx_word' id='word_1_103' title='bbox 244 1428 497 1476; x_wconf 85' lang='lat' dir='ltr'><strong>ratorem</strong></span> <span class='ocrx_word' id='word_1_104' title='bbox 535 1415 742 1477; x_wconf 76' lang='lat' dir='ltr'><strong>devote</strong></span> <span class='ocrx_word' id='word_1_105' title='bbox 793 1434 970 1477; x_wconf 85' lang='lat' dir='ltr'><strong>vocat</strong></span> <span class='ocrx_word' id='word_1_106' title='bbox 1009 1416 1118 1476; x_wconf 79' lang='lat' dir='ltr'><strong>ad·</strong></span> <span class='ocrx_word' id='word_1_107' title='bbox 1138 1422 1492 1478; x_wconf 79' lang='lat' dir='ltr'><strong>convivium</strong></span> <span class='ocrx_word' id='word_1_108' title='bbox 1501 1442 1523 1493; x_wconf 78' lang='grc'><strong>,-</strong></span> <span class='ocrx_word' id='word_1_109' title='bbox 1588 1440 1765 1498; x_wconf 83' lang='lat' dir='ltr'><strong>quem</strong></span> <span class='ocrx_word' id='word_1_110' title='bbox 1799 1416 2090 1476; x_wconf 82' lang='lat' dir='ltr'><strong>dominns</strong></span> <span class='ocrx_word' id='word_1_111' title='bbox 2119 1422 2448 1498; x_wconf 86' lang='lat' dir='ltr'><strong>imperator</strong></span> 
     </span>
     <span class='ocr_line' id='line_1_14' title="bbox 231 1503 2450 1584; baseline 0.001 -24"><span class='ocrx_word' id='word_1_112' title='bbox 231 1503 510 1582; x_wconf 75' lang='lat' dir='ltr'><strong>precibus</strong></span> <span class='ocrx_word' id='word_1_113' title='bbox 531 1506 973 1563; x_wconf 68' lang='lat' dir='ltr'><strong>instantissime</strong></span> <span class='ocrx_word' id='word_1_114' title='bbox 1003 1503 1230 1563; x_wconf 81' lang='lat' dir='ltr'><strong>obtinet</strong></span> <span class='ocrx_word' id='word_1_115' title='bbox 1257 1506 1458 1563; x_wconf 71' lang='lat' dir='ltr'><strong>venire</strong></span> <span class='ocrx_word' id='word_1_116' title='bbox 1484 1525 1707 1564; x_wconf 81' lang='lat' dir='ltr'><strong>secum.</strong></span> <span class='ocrx_word' id='word_1_117' title='bbox 1794 1525 1937 1562; x_wconf 81' lang='lat' dir='ltr'><strong>cum</strong></span> <span class='ocrx_word' id='word_1_118' title='bbox 1965 1506 2165 1584; x_wconf 75' lang='lat' dir='ltr'><strong>igitur</strong></span> <span class='ocrx_word' id='word_1_119' title='bbox 2198 1514 2450 1562; x_wconf 81' lang='lat' dir='ltr'><strong>ventum</strong></span> 
     </span>
     <span class='ocr_line' id='line_1_15' title="bbox 232 1586 2447 1669; baseline -0 -22"><span class='ocrx_word' id='word_1_120' title='bbox 232 1590 451 1664; x_wconf 58' lang='lat' dir='ltr'><strong>fuisset</strong></span> <span class='ocrx_word' id='word_1_121' title='bbox 480 1586 573 1647; x_wconf 84' lang='lat' dir='ltr'><strong>ad</strong></span> <span class='ocrx_word' id='word_1_122' title='bbox 596 1610 800 1669; x_wconf 82' lang='lat' dir='ltr'><strong>equos,</strong></span> <span class='ocrx_word' id='word_1_123' title='bbox 826 1592 1157 1669; x_wconf 85' lang='lat' dir='ltr'><strong>imperator</strong></span> <span class='ocrx_word' id='word_1_124' title='bbox 1178 1609 1302 1648; x_wconf 85' lang='lat' dir='ltr'><strong>non</strong></span> <span class='ocrx_word' id='word_1_125' title='bbox 1328 1591 1641 1648; x_wconf 84' lang='lat' dir='ltr'><strong>immemor</strong></span> <span class='ocrx_word' id='word_1_126' title='bbox 1672 1590 2049 1668; x_wconf 86' lang='lat' dir='ltr'><strong>apostolicae</strong></span> <span class='ocrx_word' id='word_1_127' title='bbox 2067 1593 2447 1668; x_wconf 73' lang='lat' dir='ltr'><strong>reverentiae,</strong></span> 
     </span>
     <span class='ocr_line' id='line_1_16' title="bbox 240 1672 2449 1754; baseline 0.001 -22"><span class='ocrx_word' id='word_1_128' title='bbox 240 1695 387 1753; x_wconf 80' lang='lat' dir='ltr'><strong>quae</strong></span> <span class='ocrx_word' id='word_1_129' title='bbox 416 1673 759 1733; x_wconf 79' lang='lat' dir='ltr'><strong>exhibenda</strong></span> <span class='ocrx_word' id='word_1_130' title='bbox 794 1685 881 1733; x_wconf 85' lang='lat' dir='ltr'><strong>est</strong></span> <span class='ocrx_word' id='word_1_131' title='bbox 907 1678 1182 1754; x_wconf 82' lang='lat' dir='ltr'><strong>ipsorum</strong></span> <span class='ocrx_word' id='word_1_132' title='bbox 1204 1677 1446 1738; x_wconf 82' lang='lat' dir='ltr'><strong>vicario</strong></span> <span class='ocrx_word' id='word_1_133' title='bbox 1470 1674 1650 1754; x_wconf 81' lang='lat' dir='ltr'><strong>fideli</strong></span> <span class='ocrx_word' id='word_1_134' title='bbox 1677 1686 1733 1733; x_wconf 89' lang='lat' dir='ltr'><strong>et</strong></span> <span class='ocrx_word' id='word_1_135' title='bbox 1760 1672 2080 1734; x_wconf 84' lang='lat' dir='ltr'><strong>reverendo</strong></span> <span class='ocrx_word' id='word_1_136' title='bbox 2098 1695 2311 1754; x_wconf 89' lang='lat' dir='ltr'><strong>papae</strong></span> <span class='ocrx_word' id='word_1_137' title='bbox 2335 1675 2449 1734; x_wconf 88' lang='lat' dir='ltr'><strong>In-</strong></span> 
     </span>
     <span class='ocr_line' id='line_1_17' title="bbox 238 1758 2445 1840; baseline 0 -21"><span class='ocrx_word' id='word_1_138' title='bbox 238 1763 500 1819; x_wconf 83' lang='lat' dir='ltr'><strong>nocentio</strong></span> <span class='ocrx_word' id='word_1_139' title='bbox 532 1760 644 1819; x_wconf 89' lang='lat' dir='ltr'><strong>III</strong></span> <span class='ocrx_word' id='word_1_140' title='bbox 655 1771 923 1840; x_wconf 76' lang='lat' dir='ltr'><strong>stt-epam</strong></span> <span class='ocrx_word' id='word_1_141' title='bbox 951 1763 1156 1840; x_wconf 81' lang='lat' dir='ltr'><strong>ipsius</strong></span> <span class='ocrx_word' id='word_1_142' title='bbox 1182 1758 1390 1838; x_wconf 77' lang='lat' dir='ltr'><strong>devote</strong></span> <span class='ocrx_word' id='word_1_143' title='bbox 1418 1759 1848 1840; x_wconf 77' lang='lat' dir='ltr'><strong>apprehendit,</strong></span> <span class='ocrx_word' id='word_1_144' title='bbox 1890 1763 2098 1840; x_wconf 83' lang='lat' dir='ltr'><strong>sicque</strong></span> <span class='ocrx_word' id='word_1_145' title='bbox 2125 1759 2215 1818; x_wconf 85' lang='lat' dir='ltr'><strong>ad</strong></span> <span class='ocrx_word' id='word_1_146' title='bbox 2240 1762 2445 1820; x_wconf 82' lang='lat' dir='ltr'><strong>locum</strong></span> 
     </span>
     <span class='ocr_line' id='line_1_18' title="bbox 238 1845 2445 1926; baseline 0.002 -23"><span class='ocrx_word' id='word_1_147' title='bbox 238 1848 496 1905; x_wconf 74' lang='lat' dir='ltr'><strong>convivii</strong></span> <span class='ocrx_word' id='word_1_148' title='bbox 514 1850 771 1910; x_wconf 73' lang='lat' dir='ltr'><strong>venitur.</strong></span> <span class='ocrx_word' id='word_1_149' title='bbox 860 1845 1117 1925; x_wconf 83' lang='lat' dir='ltr'><strong>denique</strong></span> <span class='ocrx_word' id='word_1_150' title='bbox 1145 1865 1213 1905; x_wconf 84' lang='lat' dir='ltr'><strong>ea</strong></span> <span class='ocrx_word' id='word_1_151' title='bbox 1235 1848 1592 1926; x_wconf 71' lang='lat' dir='ltr'><strong>praestitisse</strong></span> <span class='ocrx_word' id='word_1_152' title='bbox 1619 1846 1817 1908; x_wconf 82' lang='lat' dir='ltr'><strong>officia</strong></span> <span class='ocrx_word' id='word_1_153' title='bbox 1841 1846 2121 1906; x_wconf 88' lang='lat' dir='ltr'><strong>Carolum</strong></span> <span class='ocrx_word' id='word_1_154' title='bbox 2145 1846 2227 1906; x_wconf 86' lang='lat' dir='ltr'><strong>lv</strong></span> <span class='ocrx_word' id='word_1_155' title='bbox 2252 1847 2445 1926; x_wconf 79' lang='lat' dir='ltr'><strong>impe-</strong></span> 
     </span>
     <span class='ocr_line' id='line_1_19' title="bbox 234 1931 2442 2013; baseline 0.002 -23"><span class='ocrx_word' id='word_1_156' title='bbox 234 1941 492 1991; x_wconf 83' lang='lat' dir='ltr'><strong>ratorem</strong></span> <span class='ocrx_word' id='word_1_157' title='bbox 524 1931 765 1992; x_wconf 85' lang='lat' dir='ltr'><strong>Urbano</strong></span> <span class='ocrx_word' id='word_1_158' title='bbox 792 1931 876 1992; x_wconf 88' lang='lat' dir='ltr'><strong>IV</strong></span> <span class='ocrx_word' id='word_1_159' title='bbox 917 1951 1104 2013; x_wconf 85' lang='lat' dir='ltr'><strong>papae</strong></span> <span class='ocrx_word' id='word_1_160' title='bbox 1143 1941 1404 1991; x_wconf 75' lang='lat' dir='ltr'><strong>testatur</strong></span> <span class='ocrx_word' id='word_1_161' title='bbox 1441 1943 1652 1992; x_wconf 83' lang='lat' dir='ltr'><strong>auctor</strong></span> <span class='ocrx_word' id='word_1_162' title='bbox 1679 1933 1847 1993; x_wconf 86' lang='lat' dir='ltr'><strong>Vitae</strong></span> <span class='ocrx_word' id='word_1_163' title='bbox 1886 1931 2153 1992; x_wconf 81' lang='lat' dir='ltr'><strong>eiusdem</strong></span> <span class='ocrx_word' id='word_1_164' title='bbox 2195 1931 2442 1996; x_wconf 86' lang='lat' dir='ltr'><strong>Urbani.</strong></span> 
     </span>
     <span class='ocr_line' id='line_1_20' title="bbox 237 2012 2444 2099; baseline 0.001 -23"><span class='ocrx_word' id='word_1_165' title='bbox 237 2035 360 2076; x_wconf 85' lang='lat' dir='ltr'><strong>nam</strong></span> <span class='ocrx_word' id='word_1_166' title='bbox 397 2037 538 2078; x_wconf 91' lang='lat' dir='ltr'><strong>cum</strong></span> <span class='ocrx_word' id='word_1_167' title='bbox 575 2017 920 2097; x_wconf 84' lang='lat' dir='ltr'><strong>pontificem</strong></span> <span class='ocrx_word' id='word_1_168' title='bbox 954 2038 1163 2078; x_wconf 76' lang='lat' dir='ltr'><strong>versus</strong></span> <span class='ocrx_word' id='word_1_169' title='bbox 1193 2019 1441 2078; x_wconf 87' lang='lat' dir='ltr'><strong>Romam</strong></span> <span class='ocrx_word' id='word_1_170' title='bbox 1468 2012 1879 2098; x_wconf 63' lang='lat' dir='ltr'><strong>praemississet</strong></span> <span class='ocrx_word' id='word_1_171' title='bbox 1905 2018 2188 2094; x_wconf 78' lang='lat' dir='ltr'><strong>Carolus,</strong></span> <span class='ocrx_word' id='word_1_172' title='bbox 2238 2021 2444 2099; x_wconf 84' lang='lat' dir='ltr'><strong>ipsum</strong></span> 
     </span>
     <span class='ocr_line' id='line_1_21' title="bbox 227 2105 2444 2184; baseline 0.001 -23"><span class='ocrx_word' id='word_1_173' title='bbox 227 2114 359 2181; x_wconf 81' lang='lat' dir='ltr'><strong>post</strong></span> <span class='ocrx_word' id='word_1_174' title='bbox 390 2114 733 2184; x_wconf 71' lang='lat' dir='ltr'><strong>sequentem</strong></span> <span class='ocrx_word' id='word_1_175' title='bbox 754 2107 1118 2183; x_wconf 71' lang='lat' dir='ltr'><strong>exspectavit</strong></span> <span class='ocrx_word' id='word_1_176' title='bbox 1142 2106 1211 2161; x_wconf 89' lang='lat' dir='ltr'><strong>in</strong></span> <span class='ocrx_word' id='word_1_177' title='bbox 1245 2106 1503 2163; x_wconf 81' lang='lat' dir='ltr'><strong>introitu</strong></span> <span class='ocrx_word' id='word_1_178' title='bbox 1522 2105 1700 2164; x_wconf 80' lang='lat' dir='ltr'><strong>urbis</strong></span> <span class='ocrx_word' id='word_1_179' title='bbox 1713 2150 1732 2183; x_wconf 83' lang='lat'>‚</span> <span class='ocrx_word' id='word_1_180' title='bbox 1788 2105 1877 2163; x_wconf 88' lang='lat' dir='ltr'><strong>ibi</strong></span> <span class='ocrx_word' id='word_1_181' title='bbox 1905 2105 2138 2162; x_wconf 85' lang='lat' dir='ltr'><strong>scilicet</strong></span> <span class='ocrx_word' id='word_1_182' title='bbox 2166 2105 2232 2162; x_wconf 88' lang='lat' dir='ltr'><strong>in</strong></span> <span class='ocrx_word' id='word_1_183' title='bbox 2251 2114 2444 2182; x_wconf 76' lang='lat' dir='ltr'><strong>porta</strong></span> 
     </span>
     <span class='ocr_line' id='line_1_22' title="bbox 237 2187 2444 2269; baseline -0 -21"><span class='ocrx_word' id='word_1_184' title='bbox 237 2210 382 2267; x_wconf 70' lang='lat' dir='ltr'><strong>quae</strong></span> <span class='ocrx_word' id='word_1_185' title='bbox 424 2201 519 2248; x_wconf 80' lang='lat' dir='ltr'><strong>est</strong></span> <span class='ocrx_word' id='word_1_186' title='bbox 558 2193 739 2248; x_wconf 80' lang='lat' dir='ltr'><strong>iuxta</strong></span> <span class='ocrx_word' id='word_1_187' title='bbox 781 2201 1056 2249; x_wconf 74' lang='lat' dir='ltr'><strong>castrum</strong></span> <span class='ocrx_word' id='word_1_188' title='bbox 1092 2192 1299 2248; x_wconf 82' lang='lat' dir='ltr'><strong>sancti</strong></span> <span class='ocrx_word' id='word_1_189' title='bbox 1327 2190 1589 2269; x_wconf 73' lang='lat' dir='ltr'><strong>Aug-eli,</strong></span> <span class='ocrx_word' id='word_1_190' title='bbox 1649 2188 1723 2247; x_wconf 87' lang='lat' dir='ltr'><strong>de</strong></span> <span class='ocrx_word' id='word_1_191' title='bbox 1753 2210 1864 2248; x_wconf 82' lang='lat' dir='ltr'><strong>suo</strong></span> <span class='ocrx_word' id='word_1_192' title='bbox 1895 2211 2047 2269; x_wconf 79' lang='lat' dir='ltr'><strong>equo</strong></span> <span class='ocrx_word' id='word_1_193' title='bbox 2079 2187 2444 2260; x_wconf 78' lang='lat' dir='ltr'><strong>descendens</strong></span> 
     </span>
     <span class='ocr_line' id='line_1_23' title="bbox 234 2273 2442 2356; baseline 0 -24"><span class='ocrx_word' id='word_1_194' title='bbox 234 2279 513 2333; x_wconf 79' lang='lat' dir='ltr'><strong>stratoris</strong></span> <span class='ocrx_word' id='word_1_195' title='bbox 551 2278 743 2336; x_wconf 68' lang='lat' dir='ltr'><strong>vicem</strong></span> <span class='ocrx_word' id='word_1_196' title='bbox 776 2279 970 2356; x_wconf 77' lang='lat' dir='ltr'><strong>gessit</strong></span> <span class='ocrx_word' id='word_1_197' title='bbox 985 2321 1003 2352; x_wconf 84' lang='lat'><em>‚</em></span> <span class='ocrx_word' id='word_1_198' title='bbox 1064 2296 1141 2333; x_wconf 90' lang='lat' dir='ltr'><strong>ac</strong></span> <span class='ocrx_word' id='word_1_199' title='bbox 1159 2296 1375 2355; x_wconf 74' lang='lat' dir='ltr'><strong>usque</strong></span> <span class='ocrx_word' id='word_1_200' title='bbox 1405 2273 1496 2333; x_wconf 85' lang='lat' dir='ltr'><strong>ad</strong></span> <span class='ocrx_word' id='word_1_201' title='bbox 1524 2275 1853 2334; x_wconf 70' lang='lat' dir='ltr'><strong>basilicam</strong></span> <span class='ocrx_word' id='word_1_202' title='bbox 1874 2274 1930 2337; x_wconf 83' lang='lat' dir='ltr'><strong>b.</strong></span> <span class='ocrx_word' id='word_1_203' title='bbox 1965 2277 2142 2334; x_wconf 81' lang='lat' dir='ltr'><strong>Petri</strong></span> <span class='ocrx_word' id='word_1_204' title='bbox 2149 2277 2167 2298; x_wconf 75' lang='lat'><em>⁰</em></span> <span class='ocrx_word' id='word_1_205' title='bbox 2166 2273 2442 2354; x_wconf 79' lang='lat' dir='ltr'><strong>pedester</strong></span> 
     </span>
     <span class='ocr_line' id='line_1_24' title="bbox 236 2357 2443 2441; baseline 0.001 -24"><span class='ocrx_word' id='word_1_206' title='bbox 236 2364 370 2439; x_wconf 79' lang='lat' dir='ltr'><strong>equi</strong></span> <span class='ocrx_word' id='word_1_207' title='bbox 398 2383 613 2441; x_wconf 86' lang='lat' dir='ltr'><strong>papae</strong></span> <span class='ocrx_word' id='word_1_208' title='bbox 646 2364 945 2438; x_wconf 83' lang='lat' dir='ltr'><strong>fraenum</strong></span> <span class='ocrx_word' id='word_1_209' title='bbox 979 2372 1180 2420; x_wconf 86' lang='lat' dir='ltr'><strong>tenens</strong></span> <span class='ocrx_word' id='word_1_210' title='bbox 1223 2364 1429 2441; x_wconf 84' lang='lat' dir='ltr'><strong>ipsum</strong></span> <span class='ocrx_word' id='word_1_211' title='bbox 1476 2359 1805 2437; x_wconf 78' lang='lat' dir='ltr'><strong>destravit,</strong></span> <span class='ocrx_word' id='word_1_212' title='bbox 1868 2381 1944 2419; x_wconf 87' lang='lat' dir='ltr'><strong>ac</strong></span> <span class='ocrx_word' id='word_1_213' title='bbox 1976 2357 2219 2419; x_wconf 76' lang='lat' dir='ltr'><strong>demum</strong></span> <span class='ocrx_word' id='word_1_214' title='bbox 2250 2381 2443 2440; x_wconf 77' lang='lat' dir='ltr'><strong>usqae</strong></span> 
     </span>
     <span class='ocr_line' id='line_1_25' title="bbox 237 2444 2441 2527; baseline 0 -23"><span class='ocrx_word' id='word_1_215' title='bbox 237 2444 318 2504; x_wconf 84' lang='lat' dir='ltr'><strong>ad</strong></span> <span class='ocrx_word' id='word_1_216' title='bbox 351 2449 555 2507; x_wconf 80' lang='lat' dir='ltr'><strong>altare</strong></span> <span class='ocrx_word' id='word_1_217' title='bbox 596 2445 870 2509; x_wconf 76' lang='lat' dir='ltr'><strong>deduxit.</strong></span> <span class='ocrx_word' id='word_1_218' title='bbox 959 2448 1214 2525; x_wconf 87' lang='lat' dir='ltr'><strong>denique</strong></span> <span class='ocrx_word' id='word_1_219' title='bbox 1252 2448 1512 2527; x_wconf 78' lang='lat' dir='ltr'><strong>scriptor</strong></span> <span class='ocrx_word' id='word_1_220' title='bbox 1549 2466 1885 2525; x_wconf 78' lang='lat' dir='ltr'><strong>anonymus</strong></span> <span class='ocrx_word' id='word_1_221' title='bbox 1929 2445 2100 2506; x_wconf 87' lang='lat' dir='ltr'><strong>Vitae</strong></span> <span class='ocrx_word' id='word_1_222' title='bbox 2143 2444 2441 2507; x_wconf 80' lang='lat' dir='ltr'><strong>Mausredi</strong></span> 
     </span>
     <span class='ocr_line' id='line_1_26' title="bbox 234 2531 2440 2612; baseline -0.001 -19"><span class='ocrx_word' id='word_1_223' title='bbox 234 2533 379 2611; x_wconf 74' lang='lat' dir='ltr'><strong>regie</strong></span> <span class='ocrx_word' id='word_1_224' title='bbox 411 2534 645 2593; x_wconf 82' lang='lat' dir='ltr'><strong>Siciliae</strong></span> <span class='ocrx_word' id='word_1_225' title='bbox 684 2534 759 2592; x_wconf 85' lang='lat' dir='ltr'><strong>ab</strong></span> <span class='ocrx_word' id='word_1_226' title='bbox 799 2532 1048 2612; x_wconf 85' lang='lat' dir='ltr'><strong>Ughello</strong></span> <span class='ocrx_word' id='word_1_227' title='bbox 1087 2534 1286 2593; x_wconf 79' lang='lat' dir='ltr'><strong>editus</strong></span> <span class='ocrx_word' id='word_1_228' title='bbox 1335 2531 1529 2591; x_wconf 79' lang='lat' dir='ltr'><strong>tradit</strong></span> <span class='ocrx_word' id='word_1_229' title='bbox 1573 2532 1831 2591; x_wconf 87' lang='lat' dir='ltr'><strong>eundem</strong></span> <span class='ocrx_word' id='word_1_230' title='bbox 1869 2531 2279 2606; x_wconf 72' lang='lat' dir='ltr'><strong>manfredum,</strong></span> <span class='ocrx_word' id='word_1_231' title='bbox 2335 2532 2440 2609; x_wconf 89' lang='lat' dir='ltr'><strong>qui</strong></span> 
     </span>
     <span class='ocr_line' id='line_1_27' title="bbox 234 2616 2441 2699; baseline 0 -22"><span class='ocrx_word' id='word_1_232' title='bbox 234 2625 358 2677; x_wconf 87' lang='lat' dir='ltr'><strong>tum</strong></span> <span class='ocrx_word' id='word_1_233' title='bbox 381 2620 664 2699; x_wconf 74' lang='lat' dir='ltr'><strong>princeps</strong></span> <span class='ocrx_word' id='word_1_234' title='bbox 693 2620 1077 2694; x_wconf 74' lang='lat' dir='ltr'><strong>Tarentinus,</strong></span> <span class='ocrx_word' id='word_1_235' title='bbox 1135 2618 1394 2679; x_wconf 86' lang='lat' dir='ltr'><strong>necdum</strong></span> <span class='ocrx_word' id='word_1_236' title='bbox 1421 2637 1536 2676; x_wconf 69' lang='lat' dir='ltr'><strong>rex</strong></span> <span class='ocrx_word' id='word_1_237' title='bbox 1557 2626 1723 2690; x_wconf 89' lang='lat' dir='ltr'><strong>erat,</strong></span> <span class='ocrx_word' id='word_1_238' title='bbox 1786 2636 1924 2675; x_wconf 88' lang='lat' dir='ltr'><strong>cum</strong></span> <span class='ocrx_word' id='word_1_239' title='bbox 1954 2618 2338 2677; x_wconf 78' lang='lat' dir='ltr'><strong>Innocentius</strong></span> <span class='ocrx_word' id='word_1_240' title='bbox 2362 2616 2441 2677; x_wconf 78' lang='lat' dir='ltr'><strong>[V</strong></span> 
     </span>
     <span class='ocr_line' id='line_1_28' title="bbox 233 2701 2443 2785; baseline -0.001 -23"><span class='ocrx_word' id='word_1_241' title='bbox 233 2721 380 2783; x_wconf 77' lang='lat' dir='ltr'><strong>papa</strong></span> <span class='ocrx_word' id='word_1_242' title='bbox 401 2725 651 2785; x_wconf 79' lang='lat' dir='ltr'><strong>regnum</strong></span> <span class='ocrx_word' id='word_1_243' title='bbox 677 2706 1134 2785; x_wconf 81' lang='lat' dir='ltr'><strong>Neapolitanum</strong></span> <span class='ocrx_word' id='word_1_244' title='bbox 1165 2724 1242 2763; x_wconf 78' lang='lat' dir='ltr'><strong>ex</strong></span> <span class='ocrx_word' id='word_1_245' title='bbox 1273 2714 1451 2785; x_wconf 88' lang='lat' dir='ltr'><strong>pacto</strong></span> <span class='ocrx_word' id='word_1_246' title='bbox 1478 2705 1776 2783; x_wconf 77' lang='lat' dir='ltr'><strong>ingressus</strong></span> <span class='ocrx_word' id='word_1_247' title='bbox 1805 2710 1988 2777; x_wconf 78' lang='lat' dir='ltr'><strong>esset,</strong></span> <span class='ocrx_word' id='word_1_248' title='bbox 2030 2701 2124 2760; x_wconf 83' lang='lat' dir='ltr'><strong>ad</strong></span> <span class='ocrx_word' id='word_1_249' title='bbox 2146 2704 2443 2761; x_wconf 80' lang='lat' dir='ltr'><strong>maiorem</strong></span> 
     </span>
     <span class='ocr_line' id='line_1_29' title="bbox 237 2786 2439 2851; baseline 0 -5"><span class='ocrx_word' id='word_1_250' title='bbox 237 2792 334 2847; x_wconf 76' lang='lat' dir='ltr'><strong>sai</strong></span> <span class='ocrx_word' id='word_1_251' title='bbox 357 2787 730 2851; x_wconf 70' lang='lat' dir='ltr'><strong>devotionem</strong></span> <span class='ocrx_word' id='word_1_252' title='bbox 757 2790 850 2850; x_wconf 81' lang='lat' dir='ltr'><strong>ad</strong></span> <span class='ocrx_word' id='word_1_253' title='bbox 870 2803 1333 2850; x_wconf 83' lang='lat' dir='ltr'><strong>sacrosanctam</strong></span> <span class='ocrx_word' id='word_1_254' title='bbox 1374 2790 1691 2849; x_wconf 82' lang='lat' dir='ltr'><strong>ecclesiam</strong></span> <span class='ocrx_word' id='word_1_255' title='bbox 1714 2786 2165 2848; x_wconf 69' lang='lat' dir='ltr'><strong>ostendendam</strong></span> <span class='ocrx_word' id='word_1_256' title='bbox 2197 2808 2439 2847; x_wconf 82' lang='lat' dir='ltr'><strong>summo</strong></span> 
     </span>
     <span class='ocr_line' id='line_1_30' title="bbox 228 2874 2439 2957; baseline -0.001 -24"><span class='ocrx_word' id='word_1_257' title='bbox 228 2877 499 2954; x_wconf 76' lang='lat' dir='ltr'><strong>pontifici</strong></span> <span class='ocrx_word' id='word_1_258' title='bbox 532 2877 775 2936; x_wconf 74' lang='lat' dir='ltr'><strong>obviam</strong></span> <span class='ocrx_word' id='word_1_259' title='bbox 804 2880 1174 2957; x_wconf 76' lang='lat' dir='ltr'><strong>processisse</strong></span> <span class='ocrx_word' id='word_1_260' title='bbox 1215 2896 1412 2956; x_wconf 81' lang='lat' dir='ltr'><strong>usque</strong></span> <span class='ocrx_word' id='word_1_261' title='bbox 1452 2874 1545 2934; x_wconf 83' lang='lat' dir='ltr'><strong>ad</strong></span> <span class='ocrx_word' id='word_1_262' title='bbox 1586 2876 1957 2955; x_wconf 81' lang='lat' dir='ltr'><strong>Ceperanum</strong></span> <span class='ocrx_word' id='word_1_263' title='bbox 1972 2917 1990 2947; x_wconf 91' lang='lat'>,</span> <span class='ocrx_word' id='word_1_264' title='bbox 2049 2886 2106 2932; x_wconf 82' lang='lat' dir='ltr'><strong>et</strong></span> <span class='ocrx_word' id='word_1_265' title='bbox 2138 2895 2318 2954; x_wconf 85' lang='lat' dir='ltr'><strong>papa</strong></span> <span class='ocrx_word' id='word_1_266' title='bbox 2337 2895 2439 2932; x_wconf 86' lang='lat' dir='ltr'><strong>re-</strong></span> 
     </span>
     <span class='ocr_line' id='line_1_31' title="bbox 233 2961 2438 3041; baseline -0.001 -21"><span class='ocrx_word' id='word_1_267' title='bbox 233 2980 418 3039; x_wconf 81' lang='lat' dir='ltr'><strong>gnum</strong></span> <span class='ocrx_word' id='word_1_268' title='bbox 443 2965 717 3022; x_wconf 82' lang='lat' dir='ltr'><strong>intrante</strong></span> <span class='ocrx_word' id='word_1_269' title='bbox 740 2965 1029 3022; x_wconf 81' lang='lat' dir='ltr'><strong>stratoris</strong></span> <span class='ocrx_word' id='word_1_270' title='bbox 1051 2966 1106 3020; x_wconf 86' lang='lat' dir='ltr'><strong>ei</strong></span> <span class='ocrx_word' id='word_1_271' title='bbox 1132 2963 1413 3041; x_wconf 71' lang='lat' dir='ltr'><strong>(fficium</strong></span> <span class='ocrx_word' id='word_1_272' title='bbox 1434 2961 1802 3021; x_wconf 74' lang='lat' dir='ltr'><strong>exhibentem</strong></span> <span class='ocrx_word' id='word_1_273' title='bbox 1825 2961 2130 3040; x_wconf 77' lang='lat' dir='ltr'><strong>fraenum</strong></span> <span class='ocrx_word' id='word_1_274' title='bbox 2155 2962 2438 3035; x_wconf 79' lang='lat' dir='ltr'><strong>tenuisse,</strong></span> 
     </span>
     <span class='ocr_line' id='line_1_32' title="bbox 239 3045 2438 3128; baseline 0 -23"><span class='ocrx_word' id='word_1_275' title='bbox 239 3066 541 3128; x_wconf 80' lang='lat' dir='ltr'><strong>quousque</strong></span> <span class='ocrx_word' id='word_1_276' title='bbox 566 3045 661 3106; x_wconf 85' lang='lat' dir='ltr'><strong>ad</strong></span> <span class='ocrx_word' id='word_1_277' title='bbox 668 3059 919 3128; x_wconf 85' lang='lat' dir='ltr'><strong>pontem</strong></span> <span class='ocrx_word' id='word_1_278' title='bbox 950 3049 1314 3128; x_wconf 80' lang='lat' dir='ltr'><strong>Garigliani</strong></span> <span class='ocrx_word' id='word_1_279' title='bbox 1339 3050 1646 3108; x_wconf 82' lang='lat' dir='ltr'><strong>transiret.</strong></span> <span class='ocrx_word' id='word_1_280' title='bbox 1732 3067 1870 3106; x_wconf 85' lang='lat' dir='ltr'><strong>cum</strong></span> <span class='ocrx_word' id='word_1_281' title='bbox 1904 3045 2055 3106; x_wconf 87' lang='lat' dir='ltr'><strong>haec</strong></span> <span class='ocrx_word' id='word_1_282' title='bbox 2097 3046 2278 3124; x_wconf 82' lang='lat' dir='ltr'><strong>igitur</strong></span> <span class='ocrx_word' id='word_1_283' title='bbox 2306 3045 2438 3105; x_wconf 79' lang='lat' dir='ltr'><strong>Au-</strong></span> 
     </span>
     <span class='ocr_line' id='line_1_33' title="bbox 237 3131 2442 3212; baseline -0.001 -20"><span class='ocrx_word' id='word_1_284' title='bbox 237 3142 530 3210; x_wconf 72' lang='lat' dir='ltr'><strong>gustorum</strong></span> <span class='ocrx_word' id='word_1_285' title='bbox 567 3134 1046 3193; x_wconf 85' lang='lat' dir='ltr'><strong>Occidentalium</strong></span> <span class='ocrx_word' id='word_1_286' title='bbox 1090 3145 1263 3212; x_wconf 85' lang='lat' dir='ltr'><strong>atque</strong></span> <span class='ocrx_word' id='word_1_287' title='bbox 1311 3133 1461 3192; x_wconf 85' lang='lat' dir='ltr'><strong>adeo</strong></span> <span class='ocrx_word' id='word_1_288' title='bbox 1505 3143 1842 3193; x_wconf 86' lang='lat' dir='ltr'><strong>ceterorum</strong></span> <span class='ocrx_word' id='word_1_289' title='bbox 1890 3132 2229 3211; x_wconf 82' lang='lat' dir='ltr'><strong>principum</strong></span> <span class='ocrx_word' id='word_1_290' title='bbox 2259 3131 2442 3191; x_wconf 88' lang='lat' dir='ltr'><strong>Chri-</strong></span> 
     </span>
     <span class='ocr_line' id='line_1_34' title="bbox 239 3218 2438 3297; baseline 0 -21"><span class='ocrx_word' id='word_1_291' title='bbox 239 3218 553 3280; x_wconf 68' lang='lat' dir='ltr'><strong>stianorum</strong></span> <span class='ocrx_word' id='word_1_292' title='bbox 591 3220 660 3278; x_wconf 88' lang='lat' dir='ltr'><strong>in</strong></span> <span class='ocrx_word' id='word_1_293' title='bbox 698 3219 919 3280; x_wconf 75' lang='lat' dir='ltr'><strong>Christi</strong></span> <span class='ocrx_word' id='word_1_294' title='bbox 964 3220 1220 3281; x_wconf 73' lang='lat' dir='ltr'><strong>vicarios</strong></span> <span class='ocrx_word' id='word_1_295' title='bbox 1267 3218 1551 3297; x_wconf 79' lang='lat' dir='ltr'><strong>obsequia</strong></span> <span class='ocrx_word' id='word_1_296' title='bbox 1584 3220 1649 3279; x_wconf 88' lang='lat' dir='ltr'><strong>in</strong></span> <span class='ocrx_word' id='word_1_297' title='bbox 1684 3218 1929 3279; x_wconf 88' lang='lat' dir='ltr'><strong>minime</strong></span> <span class='ocrx_word' id='word_1_298' title='bbox 1978 3226 2438 3277; x_wconf 77' lang='lat' dir='ltr'><strong>controversum</strong></span> 
     </span>
     <span class='ocr_line' id='line_1_35' title="bbox 241 3302 2439 3384; baseline 0.001 -26"><span class='ocrx_word' id='word_1_299' title='bbox 241 3302 475 3366; x_wconf 80' lang='lat' dir='ltr'><strong>abierint</strong></span> <span class='ocrx_word' id='word_1_300' title='bbox 501 3305 782 3384; x_wconf 77' lang='lat' dir='ltr'><strong>deinceps</strong></span> <span class='ocrx_word' id='word_1_301' title='bbox 810 3322 1067 3382; x_wconf 87' lang='lat' dir='ltr'><strong>morem,</strong></span> <span class='ocrx_word' id='word_1_302' title='bbox 1112 3325 1180 3364; x_wconf 84' lang='lat' dir='ltr'><strong>ea</strong></span> <span class='ocrx_word' id='word_1_303' title='bbox 1204 3314 1514 3383; x_wconf 87' lang='lat' dir='ltr'><strong>tamquam</strong></span> <span class='ocrx_word' id='word_1_304' title='bbox 1539 3325 1656 3365; x_wconf 85' lang='lat' dir='ltr'><strong>uau</strong></span> <span class='ocrx_word' id='word_1_305' title='bbox 1688 3323 1938 3383; x_wconf 77' lang='lat' dir='ltr'><strong>prorsus</strong></span> <span class='ocrx_word' id='word_1_306' title='bbox 1961 3312 2203 3383; x_wconf 85' lang='lat' dir='ltr'><strong>recepta</strong></span> <span class='ocrx_word' id='word_1_307' title='bbox 2241 3312 2305 3363; x_wconf 88' lang='lat' dir='ltr'><strong>et</strong></span> <span class='ocrx_word' id='word_1_308' title='bbox 2328 3303 2439 3362; x_wconf 86' lang='lat' dir='ltr'><strong>de—</strong></span> 
     </span>
     <span class='ocr_line' id='line_1_36' title="bbox 239 3385 2437 3452; baseline 0.002 -8"><span class='ocrx_word' id='word_1_309' title='bbox 239 3385 355 3447; x_wconf 85' lang='lat' dir='ltr'><strong>bita</strong></span> <span class='ocrx_word' id='word_1_310' title='bbox 402 3393 465 3451; x_wconf 90' lang='lat' dir='ltr'><strong>in</strong></span> <span class='ocrx_word' id='word_1_311' title='bbox 520 3392 620 3452; x_wconf 79' lang='lat' dir='ltr'><strong>ius</strong></span> <span class='ocrx_word' id='word_1_312' title='bbox 667 3392 1030 3451; x_wconf 82' lang='lat' dir='ltr'><strong>Saxonicum</strong></span> <span class='ocrx_word' id='word_1_313' title='bbox 1086 3400 1148 3452; x_wconf 89' lang='lat' dir='ltr'><strong>et</strong></span> <span class='ocrx_word' id='word_1_314' title='bbox 1201 3390 1603 3451; x_wconf 81' lang='lat' dir='ltr'><strong>Caremoniale</strong></span> <span class='ocrx_word' id='word_1_315' title='bbox 1644 3391 1983 3450; x_wconf 85' lang='lat' dir='ltr'><strong>Romanum</strong></span> <span class='ocrx_word' id='word_1_316' title='bbox 2036 3388 2227 3448; x_wconf 86' lang='lat' dir='ltr'><strong>relata</strong></span> <span class='ocrx_word' id='word_1_317' title='bbox 2269 3395 2437 3449; x_wconf 84' lang='lat' dir='ltr'><strong>aunt.</strong></span> 
     </span>
     <span class='ocr_line' id='line_1_37' title="bbox 240 3473 2437 3556; baseline -0.003 -19"><span class='ocrx_word' id='word_1_318' title='bbox 240 3473 542 3552; x_wconf 76' lang='lat' dir='ltr'><strong>Speculum</strong></span> <span class='ocrx_word' id='word_1_319' title='bbox 573 3479 796 3537; x_wconf 78' lang='lat' dir='ltr'><strong>Saxon.</strong></span> <span class='ocrx_word' id='word_1_320' title='bbox 828 3478 869 3536; x_wconf 90' lang='lat' dir='ltr'><strong>l.</strong></span> <span class='ocrx_word' id='word_1_321' title='bbox 905 3483 939 3543; x_wconf 90' lang='lat'>1</span> <span class='ocrx_word' id='word_1_322' title='bbox 970 3484 1081 3537; x_wconf 84' lang='lat' dir='ltr'><strong>art.</strong></span> <span class='ocrx_word' id='word_1_323' title='bbox 1112 3483 1183 3542; x_wconf 81' lang='lat'><strong>1:</strong></span> <span class='ocrx_word' id='word_1_324' title='bbox 1228 3475 1498 3536; x_wconf 83' lang='lat' dir='ltr'><strong>duorum</strong></span> <span class='ocrx_word' id='word_1_325' title='bbox 1515 3474 1884 3556; x_wconf 74' lang='lat' dir='ltr'><strong>gladiorum</strong></span> <span class='ocrx_word' id='word_1_326' title='bbox 1902 3485 2282 3554; x_wconf 72' lang='lat' dir='ltr'><strong>potestaten,</strong></span> <span class='ocrx_word' id='word_1_327' title='bbox 2308 3475 2437 3552; x_wconf 81' lang='lat' dir='ltr'><strong>spi-</strong></span> 
     </span>
     <span class='ocr_line' id='line_1_38' title="bbox 240 3559 2432 3641; baseline -0.002 -22"><span class='ocrx_word' id='word_1_328' title='bbox 240 3561 509 3622; x_wconf 71' lang='lat' dir='ltr'><strong>ritualem</strong></span> <span class='ocrx_word' id='word_1_329' title='bbox 534 3564 771 3622; x_wconf 77' lang='lat' dir='ltr'><strong>scilicet</strong></span> <span class='ocrx_word' id='word_1_330' title='bbox 795 3574 851 3621; x_wconf 86' lang='lat' dir='ltr'><strong>et</strong></span> <span class='ocrx_word' id='word_1_331' title='bbox 871 3563 1274 3639; x_wconf 78' lang='lat' dir='ltr'><strong>saecularem,</strong></span> <span class='ocrx_word' id='word_1_332' title='bbox 1319 3559 1411 3621; x_wconf 83' lang='lat' dir='ltr'><strong>ad</strong></span> <span class='ocrx_word' id='word_1_333' title='bbox 1434 3559 1883 3641; x_wconf 63' lang='lat' dir='ltr'><strong>defendendum</strong></span> <span class='ocrx_word' id='word_1_334' title='bbox 1913 3580 2101 3619; x_wconf 79' lang='lat' dir='ltr'><strong>saum</strong></span> <span class='ocrx_word' id='word_1_335' title='bbox 2121 3559 2432 3639; x_wconf 83' lang='lat' dir='ltr'><strong>populum</strong></span> 
     </span>
     <span class='ocr_line' id='line_1_39' title="bbox 248 3642 2434 3728; baseline -0.002 -24"><span class='ocrx_word' id='word_1_336' title='bbox 248 3642 508 3708; x_wconf 76' lang='lat' dir='ltr'><strong>Christus</strong></span> <span class='ocrx_word' id='word_1_337' title='bbox 537 3653 606 3708; x_wconf 87' lang='lat' dir='ltr'><strong>in</strong></span> <span class='ocrx_word' id='word_1_338' title='bbox 628 3668 750 3708; x_wconf 77' lang='lat' dir='ltr'><strong>sua</strong></span> <span class='ocrx_word' id='word_1_339' title='bbox 775 3649 1142 3728; x_wconf 78' lang='lat' dir='ltr'><strong>approbavit</strong></span> <span class='ocrx_word' id='word_1_340' title='bbox 1165 3649 1418 3707; x_wconf 86' lang='lat' dir='ltr'><strong>ecclesia</strong></span> <span class='ocrx_word' id='word_1_341' title='bbox 1429 3670 1451 3723; x_wconf 79' lang='lat'><strong>,-</strong></span> <span class='ocrx_word' id='word_1_342' title='bbox 1508 3669 1581 3706; x_wconf 74' lang='lat' dir='ltr'><strong>ex</strong></span> <span class='ocrx_word' id='word_1_343' title='bbox 1609 3647 1839 3727; x_wconf 84' lang='lat' dir='ltr'><strong>quibus</strong></span> <span class='ocrx_word' id='word_1_344' title='bbox 1862 3646 2271 3724; x_wconf 83' lang='lat' dir='ltr'><strong>apostolicum</strong></span> <span class='ocrx_word' id='word_1_345' title='bbox 2296 3646 2434 3722; x_wconf 82' lang='lat' dir='ltr'><strong>spi..</strong></span> 
     </span>
     <span class='ocr_line' id='line_1_40' title="bbox 240 3731 2431 3813; baseline 0 -26"><span class='ocrx_word' id='word_1_346' title='bbox 240 3731 508 3793; x_wconf 80' lang='lat' dir='ltr'><strong>ritualem</strong></span> <span class='ocrx_word' id='word_1_347' title='bbox 564 3745 621 3793; x_wconf 88' lang='lat' dir='ltr'><strong>et</strong></span> <span class='ocrx_word' id='word_1_348' title='bbox 680 3735 1037 3795; x_wconf 79' lang='lat' dir='ltr'><strong>Romanum</strong></span> <span class='ocrx_word' id='word_1_349' title='bbox 1091 3736 1515 3813; x_wconf 80' lang='lat' dir='ltr'><strong>imperatorem</strong></span> <span class='ocrx_word' id='word_1_350' title='bbox 1569 3733 1943 3792; x_wconf 82' lang='lat' dir='ltr'><strong>saecularem</strong></span> <span class='ocrx_word' id='word_1_351' title='bbox 1988 3731 2208 3789; x_wconf 78' lang='lat' dir='ltr'><strong>habere</strong></span> <span class='ocrx_word' id='word_1_352' title='bbox 2263 3749 2431 3788; x_wconf 83' lang='lat' dir='ltr'><strong>nemo</strong></span> 
     </span>
     <span class='ocr_line' id='line_1_41' title="bbox 243 3816 2435 3902; baseline -0.001 -27"><span class='ocrx_word' id='word_1_353' title='bbox 243 3816 497 3899; x_wconf 77' lang='lat' dir='ltr'><strong>ambigit.</strong></span> <span class='ocrx_word' id='word_1_354' title='bbox 554 3820 632 3879; x_wconf 89' lang='lat' dir='ltr'><strong>ob</strong></span> <span class='ocrx_word' id='word_1_355' title='bbox 657 3841 922 3900; x_wconf 81' lang='lat' dir='ltr'><strong>quorum</strong></span> <span class='ocrx_word' id='word_1_356' title='bbox 936 3822 1388 3902; x_wconf 82' lang='lat' dir='ltr'><strong>figurationem</strong></span> <span class='ocrx_word' id='word_1_357' title='bbox 1400 3864 1419 3896; x_wconf 88' lang='lat'>‚</span> <span class='ocrx_word' id='word_1_358' title='bbox 1464 3821 1799 3899; x_wconf 83' lang='lat' dir='ltr'><strong>apostolico</strong></span> <span class='ocrx_word' id='word_1_359' title='bbox 1826 3838 2010 3897; x_wconf 82' lang='lat' dir='ltr'><strong>super</strong></span> <span class='ocrx_word' id='word_1_360' title='bbox 2036 3836 2259 3896; x_wconf 82' lang='lat' dir='ltr'><strong>equum</strong></span> <span class='ocrx_word' id='word_1_361' title='bbox 2288 3836 2435 3874; x_wconf 86' lang='lat' dir='ltr'><strong>can·</strong></span> 
     </span>
     <span class='ocr_line' id='line_1_42' title="bbox 242 3896 2432 3986; baseline -0.001 -26"><span class='ocrx_word' id='word_1_362' title='bbox 242 3896 444 3963; x_wconf 76' lang='lat' dir='ltr'><strong>didam</strong></span> <span class='ocrx_word' id='word_1_363' title='bbox 468 3909 748 3986; x_wconf 79' lang='lat' dir='ltr'><strong>equitare</strong></span> <span class='ocrx_word' id='word_1_364' title='bbox 774 3910 1176 3966; x_wconf 82' lang='lat' dir='ltr'><strong>constitutum</strong></span> <span class='ocrx_word' id='word_1_365' title='bbox 1202 3917 1323 3982; x_wconf 78' lang='lat' dir='ltr'><strong>est,</strong></span> <span class='ocrx_word' id='word_1_366' title='bbox 1381 3915 1438 3963; x_wconf 85' lang='lat' dir='ltr'><strong>et</strong></span> <span class='ocrx_word' id='word_1_367' title='bbox 1465 3908 1535 3963; x_wconf 86' lang='lat' dir='ltr'><strong>in</strong></span> <span class='ocrx_word' id='word_1_368' title='bbox 1561 3902 1861 3981; x_wconf 75' lang='lat' dir='ltr'><strong>adscensu</strong></span> <span class='ocrx_word' id='word_1_369' title='bbox 1902 3906 2036 3961; x_wconf 79' lang='lat' dir='ltr'><strong>eins</strong></span> <span class='ocrx_word' id='word_1_370' title='bbox 2072 3923 2116 3960; x_wconf 91' lang='lat' dir='ltr'><strong>a</strong></span> <span class='ocrx_word' id='word_1_371' title='bbox 2148 3902 2432 3980; x_wconf 87' lang='lat' dir='ltr'><strong>principe</strong></span> 
     </span>
     <span class='ocr_line' id='line_1_43' title="bbox 241 3986 2431 4072; baseline -0.002 -24"><span class='ocrx_word' id='word_1_372' title='bbox 241 3986 405 4065; x_wconf 61' lang='lat' dir='ltr'><strong>tella,</strong></span> <span class='ocrx_word' id='word_1_373' title='bbox 443 4013 517 4051; x_wconf 88' lang='lat' dir='ltr'><strong>ne</strong></span> <span class='ocrx_word' id='word_1_374' title='bbox 544 3989 824 4069; x_wconf 80' lang='lat' dir='ltr'><strong>decidat,</strong></span> <span class='ocrx_word' id='word_1_375' title='bbox 869 3993 1187 4051; x_wconf 81' lang='lat' dir='ltr'><strong>tenebitur.</strong></span> <span class='ocrx_word' id='word_1_376' title='bbox 1272 3996 1342 4050; x_wconf 89' lang='lat' dir='ltr'><strong>in</strong></span> <span class='ocrx_word' id='word_1_377' title='bbox 1373 4012 1495 4072; x_wconf 83' lang='lat' dir='ltr'><strong>quo</strong></span> <span class='ocrx_word' id='word_1_378' title='bbox 1525 3990 1938 4070; x_wconf 60' lang='lat' dir='ltr'><strong>significatur,</strong></span> <span class='ocrx_word' id='word_1_379' title='bbox 1983 3998 2058 4046; x_wconf 82' lang='lat' dir='ltr'><strong>ut</strong></span> <span class='ocrx_word' id='word_1_380' title='bbox 2088 3991 2202 4066; x_wconf 83' lang='lat' dir='ltr'><strong>qui</strong></span> <span class='ocrx_word' id='word_1_381' title='bbox 2225 3988 2431 4047; x_wconf 85' lang='lat' dir='ltr'><strong>inobe-</strong></span> 
     </span>
     <span class='ocr_line' id='line_1_44' title="bbox 241 4066 2430 4157; baseline -0.002 -23"><span class='ocrx_word' id='word_1_382' title='bbox 241 4066 449 4134; x_wconf 72' lang='lat' dir='ltr'><strong>dientes</strong></span> <span class='ocrx_word' id='word_1_383' title='bbox 479 4078 819 4157; x_wconf 79' lang='lat' dir='ltr'><strong>apostolico</strong></span> <span class='ocrx_word' id='word_1_384' title='bbox 863 4081 1241 4153; x_wconf 74' lang='lat' dir='ltr'><strong>exsisterent,</strong></span> <span class='ocrx_word' id='word_1_385' title='bbox 1302 4099 1347 4137; x_wconf 91' lang='lat' dir='ltr'><strong>a</strong></span> <span class='ocrx_word' id='word_1_386' title='bbox 1374 4078 1659 4157; x_wconf 80' lang='lat' dir='ltr'><strong>principe</strong></span> <span class='ocrx_word' id='word_1_387' title='bbox 1694 4073 1786 4133; x_wconf 82' lang='lat' dir='ltr'><strong>ad</strong></span> <span class='ocrx_word' id='word_1_388' title='bbox 1822 4071 2249 4148; x_wconf 70' lang='lat' dir='ltr'><strong>obediendum,</strong></span> <span class='ocrx_word' id='word_1_389' title='bbox 2306 4084 2365 4131; x_wconf 89' lang='lat' dir='ltr'><strong>et</strong></span> <span class='ocrx_word' id='word_1_390' title='bbox 2399 4095 2430 4129; x_wconf 89' lang='lat' dir='ltr'><strong>e</strong></span> 
     </span>
     <span class='ocr_line' id='line_1_45' title="bbox 243 4154 2427 4244; baseline -0.001 -25"><span class='ocrx_word' id='word_1_391' title='bbox 243 4170 460 4238; x_wconf 69' lang='lat' dir='ltr'><strong>contra,</strong></span> <span class='ocrx_word' id='word_1_392' title='bbox 521 4183 666 4222; x_wconf 80' lang='lat' dir='ltr'><strong>cum</strong></span> <span class='ocrx_word' id='word_1_393' title='bbox 689 4167 1016 4222; x_wconf 80' lang='lat' dir='ltr'><strong>necessitas</strong></span> <span class='ocrx_word' id='word_1_394' title='bbox 1033 4164 1154 4222; x_wconf 77' lang='lat' dir='ltr'><strong>boc</strong></span> <span class='ocrx_word' id='word_1_395' title='bbox 1184 4166 1470 4244; x_wconf 75' lang='lat' dir='ltr'><strong>exegerit,</strong></span> <span class='ocrx_word' id='word_1_396' title='bbox 1529 4159 1862 4223; x_wconf 79' lang='lat' dir='ltr'><strong>dummodo</strong></span> <span class='ocrx_word' id='word_1_397' title='bbox 1892 4154 2427 4237; x_wconf 68' lang='lat' dir='ltr'><strong>exercitu-afuerit,</strong></span> 
     </span>
     <span class='ocr_line' id='line_1_46' title="bbox 244 4245 2428 4325; baseline 0.001 -24"><span class='ocrx_word' id='word_1_398' title='bbox 244 4247 676 4324; x_wconf 78' lang='lat' dir='ltr'><strong>compellantur.</strong></span> <span class='ocrx_word' id='word_1_399' title='bbox 765 4249 1166 4310; x_wconf 86' lang='lat' dir='ltr'><strong>Ceremoniale</strong></span> <span class='ocrx_word' id='word_1_400' title='bbox 1188 4249 1530 4309; x_wconf 81' lang='lat' dir='ltr'><strong>Romanum</strong></span> <span class='ocrx_word' id='word_1_401' title='bbox 1550 4249 1599 4309; x_wconf 70' lang='lat'><strong>10</strong></span> <span class='ocrx_word' id='word_1_402' title='bbox 1622 4252 1833 4312; x_wconf 49' lang='lat' dir='ltr'><strong>lacot·</strong></span> <span class='ocrx_word' id='word_1_403' title='bbox 1858 4247 1919 4319; x_wconf 85' lang='lat'><strong>5,</strong></span> <span class='ocrx_word' id='word_1_404' title='bbox 1949 4245 2053 4306; x_wconf 83' lang='lat' dir='ltr'><strong>ubi</strong></span> <span class='ocrx_word' id='word_1_405' title='bbox 2081 4245 2156 4304; x_wconf 86' lang='lat' dir='ltr'><strong>de</strong></span> <span class='ocrx_word' id='word_1_406' title='bbox 2184 4263 2428 4325; x_wconf 85' lang='lat' dir='ltr'><strong>procea-</strong></span> 
     </span>
     <span class='ocr_line' id='line_1_47' title="bbox 240 4324 2428 4416; baseline -0.003 -20"><span class='ocrx_word' id='word_1_407' title='bbox 240 4324 385 4390; x_wconf 69' lang='grc' dir='ltr'><strong>Ιὶῦαο</strong></span> <span class='ocrx_word' id='word_1_408' title='bbox 421 4335 723 4413; x_wconf 75' lang='lat' dir='ltr'><strong>pontificis</strong></span> <span class='ocrx_word' id='word_1_409' title='bbox 767 4345 830 4395; x_wconf 88' lang='lat' dir='ltr'><strong>et</strong></span> <span class='ocrx_word' id='word_1_410' title='bbox 854 4336 1120 4397; x_wconf 69' lang='lat' dir='ltr'><strong>Caesarie</strong></span> <span class='ocrx_word' id='word_1_411' title='bbox 1150 4354 1258 4416; x_wconf 84' lang='lat' dir='ltr'><strong>per</strong></span> <span class='ocrx_word' id='word_1_412' title='bbox 1291 4334 1535 4396; x_wconf 79' lang='lat' dir='ltr'><strong>urbem:</strong></span> <span class='ocrx_word' id='word_1_413' title='bbox 1576 4354 1739 4393; x_wconf 73' lang='lat' dir='ltr'><strong>cum</strong></span> <span class='ocrx_word' id='word_1_414' title='bbox 1765 4330 1855 4393; x_wconf 85' lang='lat' dir='ltr'><strong>ad</strong></span> <span class='ocrx_word' id='word_1_415' title='bbox 1873 4333 2071 4412; x_wconf 82' lang='lat' dir='ltr'><strong>finem</strong></span> <span class='ocrx_word' id='word_1_416' title='bbox 2099 4328 2428 4413; x_wconf 56' lang='lat' dir='ltr'><strong>,gradatam</strong></span> 
     </span>
    </p>
   </div>
  </div>
 </body>
</html>
