3064 4890
561 336 705 408 180
850 276 894 377 μ’
1404 332 1914 401 DESCRIPTIO

557 504 969 580 eaicornmque
995 496 1427 578 aedificiorum,
1470 508 1653 580 atque
1682 519 1817 560 cum
1840 497 2184 581 pavimento
2209 495 2350 559 miri
2375 496 2595 579 ingenii
2616 520 2767 563 con-

559 598 751 651 texto.
833 587 1038 666 ibique
1075 585 1140 645 in
1183 585 1306 646 alto
1343 593 1407 645 et
1436 604 1623 667 supra
1646 604 1809 647 mare
1832 592 1962 645 erat
1994 581 2055 624 Π
2088 584 2407 665 speculum
2439 585 2769 649 immensu-

558 674 763 737 rabilia
791 670 1239 754 magnitudinis,
1283 670 1784 752 circumspectum
1813 691 1850 730 a
1878 670 2051 750 longe
2075 670 2278 747 nimie,
2324 678 2389 729 et
2416 670 2616 731 omnia
2638 672 2774 733 eiua

560 760 825 822 aedificia
856 774 1188 818 marmorea
1217 756 1284 815 in
1310 775 1476 817 mare
1512 757 1802 819 videntur
1847 763 2254 836 prosternata,
2294 775 2486 837 prope
2519 753 2581 795 ¹⁸
2607 778 2772 837 por-

543 847 765 907 .tulam
797 844 1183 925 imperatorie
1210 840 1379 901 dicti.
1463 843 1647 903 etiam
1677 840 1752 901 de
1779 839 1838 881 ¹⁹
1870 844 2155 901 immenso
2181 840 2430 920 palatio
2463 861 2656 919 usque
2689 843 2773 903 ad

562 935 854 994 Sanctam
902 928 1199 1008 Sophiam
1214 973 1234 1004 ,
1292 935 1426 988 erat
1464 947 1575 1009 per
1614 928 1869 988 milliare
1902 925 1971 966 ²⁰
2003 929 2105 988 via
2142 926 2560 987 columnarum
2586 927 2770 988 bina-

484 1074 503 1081 -
556 1038 695 1078 rum
718 1063 737 1097 ,
778 1034 887 1096 per
924 1034 1107 1092 quam
1145 1011 1424 1073 dominus
1463 1012 1817 1091 accedebat,
1865 1011 1972 1073 ubi
1992 1011 2056 1051 ²¹
2085 1011 2562 1091 octingentorum
2588 1013 2772 1073 cleri-

558 1122 766 1164 corum
790 1119 899 1181 per
921 1099 1239 1160 circuitum
1266 1099 1712 1178 domun-erant,
1752 1107 1815 1158 et
1829 1097 1917 1158 -de
1934 1098 2130 1158 totius
2150 1098 2380 1157 insulae
2405 1098 2771 1177 Trinacriae,

552 1199 627 1250 ut
676 1187 896 1247 dicitur
911 1230 929 1263 ,
971 1186 1243 1246 fructum
1287 1184 1618 1265 capiebant.
1704 1180 1772 1222 2²
1801 1204 1970 1245 nunc
1994 1193 2195 1245 autem
2221 1182 2349 1242 aola
2383 1183 2626 1245 testudo
2663 1196 2771 1245 σο-

555 1273 766 1334 clesiae
794 1280 1064 1333 remanet
1088 1270 1154 1330 in
1180 1290 1248 1347 ea
1264 1314 1286 1350 ,
1330 1268 1472 1349 quia
1495 1268 1696 1331 omnia
1723 1268 1993 1350 disrupta
2019 1277 2163 1331 aunt
2185 1277 2245 1328 et
2268 1267 2349 1327 ad
2372 1267 2628 1330 nihilum
2654 1270 2769 1330 de-

475 1358 491 1379 ⁶
555 1367 888 1435 venerumt,
933 1377 970 1415 a
1002 1353 1215 1436 qua.‚²⁸
1244 1374 1434 1434 usque
1464 1356 1547 1416 ad
1573 1356 1986 1436 pavimentum
2021 1351 2143 1421 144
2175 1352 2589 1432 brachiorum,
2630 1364 2692 1415 et
2725 1375 2766 1414 a

556 1445 902 1526 pavimento
952 1460 1143 1522 mque
1194 1440 1444 1522 planum
1489 1441 1863 1525 fundamenti
1878 1486 1899 1519 ,
1970 1440 2114 1521 quia
2153 1447 2287 1499 toto
2330 1459 2454 1499 una
2499 1443 2766 1500 einer-na

557 1531 816 1611 optimae
845 1547 1034 1607 aquae
1067 1526 1390 1606 ampliatur
1424 1526 1811 1588 brachiorum
1845 1531 1946 1593 17.
2027 1526 2276 1606 insuper
2312 1545 2424 1606 per
2461 1527 2767 1586 ecclesiam

555 1625 698 1677 eunt
743 1600 818 1675 de
866 1614 1084 1694 angulo
1120 1612 1200 1671 ad
1231 1612 1513 1693 angulum
1548 1617 1670 1679 120
1699 1610 1977 1690 brachia,
2028 1611 2169 1691 quia
2197 1609 2453 1691 desuper
2480 1611 2768 1690 rotunda,

552 1710 621 1761 et
648 1701 713 1761 in
742 1701 920 1788 plano
946 1698 1424 1780 quadrangulata
1460 1698 1708 1762 recedit.
1793 1699 2003 1778 quisue
2031 1696 2258 1778 poterit
2285 1714 2634 1759 enumerare
2656 1718 2766 1757 ot-
2875 1742 2892 1761 Ἴ.

556 1796 838 1846 namenta
861 1804 1230 1846 marmorum
1256 1793 1440 1864 atque
1472 1783 1920 1866 porphyrorum
1932 1829 1952 1860 ,
1992 1802 2130 1844 cum
2154 1781 2425 1842 Moaaicia
2449 1782 2768 1843 liniamen-

554 1871 633 1929 tia
649 1914 667 1944 ,
716 1871 854 1947 quia
897 1877 956 1927 et
993 1890 1028 1928 a
1067 1890 1186 1947 quo
1231 1870 1419 1931 latere
1459 1871 1722 1951 incipere
1748 1870 1962 1931 vellem
1992 1887 2294 1929 evaneaco.
2381 1876 2558 1929 extra
2583 1868 2768 1948 igitur

553 1954 856 2013 ecclesiam
892 1952 972 2012 ad
1015 1953 1327 2018 meridiem
1366 1955 1432 2013 in
1472 1957 1673 2035 platea
1695 1954 1774 1995 Μ
1800 1956 2088 2016 columna
2112 1954 2624 2034 septingentorum
2653 1973 2766 2014 cu-

550 2040 818 2100 bitorum
862 2038 986 2098 alta
1024 2037 1304 2119 videtur,
1345 2039 1514 2100 cuiue
1551 2041 1621 2100 in
1660 2041 1855 2121 capite
1881 2040 2240 2102 lastinianus
2263 2057 2473 2099 aereus
2492 2049 2768 2118 equeeter

549 2123 844 2202 habetur,
903 2133 966 2184 et
1001 2143 1248 2204 pomum
1286 2144 1424 2185 cum
1462 2125 1636 2187 laeva
1679 2145 1932 2187 aureum
1967 2134 2207 2201 tenens,
2260 2123 2340 2183 ad
2377 2125 2768 2186 Occidentem

342 2217 388 2270 P
427 2217 528 2273 180
560 2230 699 2272 cnm
744 2211 992 2270 dextera
1033 2210 1317 2270 minatur.
1403 2219 1465 2270 et
1499 2210 1674 2272 iuxta
1709 2211 1870 2272 hanc
1910 2230 2018 2272 aex
2047 2212 2364 2271 columnae
2389 2232 2769 2271 marmoreae

554 2304 788 2357 erectae
828 2314 1075 2375 magnae
1116 2295 1406 2357 videntur
1446 2297 1732 2362 seriatim.
1815 2297 1978 2359 ultra
2016 2316 2160 2359 vero
2199 2294 2310 2355 haa
2346 2295 2429 2355 ad
2453 2296 2768 2358 meridiem

553 2381 619 2422 ⁸⁶
654 2379 1098 2463 hippodromus
1144 2379 1558 2460 descenditur,
1602 2382 1770 2461 quod
1794 2383 1978 2444 latine
2005 2382 2143 2462 equi
2171 2400 2382 2441 carana
2407 2383 2768 2465 appellatur.

550 2469 616 2528 in
649 2467 769 2528 hoc
795 2477 996 2527 autem
1018 2467 1211 2547 spatio
1242 2467 1470 2527 nobiles
1490 2488 1702 2530 ¹coram
1726 2467 1792 2508 ²⁶
1816 2470 2151 2530 iusti-abant
2170 2468 2396 2548 populo
2411 2512 2429 2544 ,
2471 2478 2537 2529 et
2569 2467 2770 2531 duella

554 2562 734 2633 atque
784 2554 1181 2612 torniamenta
1232 2554 1604 2634 parabantur
1620 2598 1637 2630 ‚
1690 2558 1815 2621 690
1867 2556 2046 2615 etiam
2089 2551 2500 2632 magnitudine
2557 2553 2767 2618 brach.

553 2648 617 2700 et
655 2637 778 2705 134
806 2639 1145 2719 ampliatur.
1228 2648 1290 2697 et
1316 2660 1498 2720 supra
1532 2640 1839 2700 columnae
1882 2639 2258 2700 aedificatum
2284 2647 2407 2715 eat,
2447 2640 2515 2699 in
2545 2641 2768 2718 quibua

556 2722 624 2763 ⁸⁷
652 2727 916 2783 cisterna
944 2723 1301 2805 amplissima
1325 2725 1584 2805 optimae
1603 2744 1791 2804 aquae
1807 2735 2007 2787 totum
2035 2744 2214 2806 supra
2239 2723 2466 2786 dictum
2493 2726 2768 2786 continet

554 2810 832 2888 epatium.
914 2809 981 2869 in
1009 2810 1197 2890 capite
1224 2830 1371 2873 vero
1408 2809 1799 2891 hippodromi
1841 2809 1924 2878 24
1973 2808 2038 2849 ²¹⁸
2077 2818 2251 2871 erant
2295 2799 2612 2871 altissimae
2651 2831 2766 2872 co-

552 2893 827 2969 lumnae,
886 2892 951 2932 ²⁹
992 2896 1099 2955 ubi
1141 2896 1467 2976 imperator
1511 2918 1652 2958 cum
1694 2896 2063 2979 principibus
2106 2894 2424 2957 residebat.
2510 2896 2587 2957 ab
2637 2916 2764 2956 una

538 2987 756 3054 ⁴autem
791 2986 966 3057 parte
1004 2990 1068 3039 et
1101 2980 1286 3040 altera
1323 2981 1715 3062 hippodromi
1745 2982 1948 3041 sedilia
1974 2981 2270 3061 gradatim
2296 2983 2362 3042 in
2388 2981 2768 3062 longitudine

553 3062 738 3143 ipaiua
763 3071 940 3123 erant
975 3083 1333 3143 marmorea,
1375 3068 1481 3127 ubi
1511 3069 1771 3149 populus
1796 3067 2060 3127 sedendo
2093 3085 2330 3128 omnem
2350 3066 2567 3129 ludum
2595 3088 2766 3128 com-

553 3147 979 3229 prehendebat.
1061 3170 1171 3231 per
1229 3153 1493 3213 medium
1552 3155 1807 3234 denique
1846 3153 1993 3214 dicti
2044 3173 2254 3214 curma
2284 3154 2348 3213 in
2385 3152 2764 3234 longitudine

554 3232 798 3296 humilia
825 3243 916 3294 eat
943 3255 1170 3297 murus.
1253 3249 1316 3298 et
1355 3242 1550 3319 primo
1574 3241 1782 3301 ἢτοι-ειη
1811 3238 2110 3319 Sophiam
2136 3246 2229 3298 eat
2254 3236 2318 3278 ⁸⁰
2350 3238 2597 3298 ecclesia
2623 3259 2759 3300 cum

554 3337 731 3380 muro
764 3320 1081 3399 magnifico
1121 3330 1183 3382 et
1222 3323 1740 3385 innumerabilium
1774 3326 2168 3386 senem-arum
2210 3332 2466 3402 ornatu,
2507 3325 2618 3386 ubi
2647 3324 2762 3385 do-

552 3406 748 3465 minae
772 3416 836 3467 et
860 3407 1211 3467 iuvenculae
1240 3429 1376 3469 cum
1397 3411 1686 3471 metronia
1707 3429 1846 3471 auos
1875 3409 2313 3492 prospiciebant
2334 3409 2615 3488 dilectos,
2656 3409 2763 3472 ubi

552 3491 619 3551 in
643 3491 936 3572 principio
963 3492 1106 3552 dicti
1132 3495 1289 3555 muri
1314 3493 1373 3534 ⁸²
1399 3516 1668 3557 summus
1698 3497 1950 3557 balneus
1974 3494 2306 3575 erigebatur
2320 3538 2338 3571 ,
2379 3495 2446 3555 in
2469 3515 2592 3574 quo
2618 3495 2762 3557 vul·-

554 3579 749 3637 nerati
787 3577 1186 3657 ponebantur.
1272 3579 1487 3643 deinde
1526 3580 1593 3621 θ’
1628 3579 1879 3664 Agulia
1907 3602 1985 3642 ex
2018 3601 2141 3641 uno
2174 3579 2374 3660 lapide
2398 3580 2466 3640 in
2493 3589 2760 3660 quatuor

554 3663 750 3723 aeneia
791 3662 1016 3722 taxillis
1052 3665 1117 3723 in
1160 3665 1349 3725 altum
1395 3677 1593 3729 erecta
1625 3669 1895 3731 comitur
1932 3667 2277 3730 cubitorum
2302 3664 2391 3732 24
2422 3674 2489 3727 et
2510 3666 2581 3729 in
2608 3665 2760 3750 pede

553 3747 679 3807 eiua
707 3766 916 3811 versus
946 3748 1030 3808 sic
1058 3759 1264 3812 sonat:

883 3845 1171 3929 difficilia
1212 3850 1528 3931 quondam
1570 3851 1838 3914 dominis
1868 3874 2091 3936 parere
2127 3852 2371 3927 cereniae,

885 3935 1097 3994 iucem
1138 3947 1194 3996 et
1234 3942 1549 3999 exstinctis·
1578 3940 1865 4019 palmam
1896 3949 2152 4019 portare
2191 3938 2491 4018 warmic,

881 4023 1094 4081 omnia
1146 4021 1474 4085 Ἠιεοᾱοείο
1517 4024 1738 4085 cedunt
1776 4025 2092 4106 sobolique
2119 4025 2393 4103 perenni,

879 4113 969 4178 ‘9¹'
1012 4104 1183 4167 deuio
1210 4111 1313 4170 ‘eie
1353 4114 1556 4172 victua
1597 4133 1706 4192 ego
1748 4109 2135 4192 domitusque
2174 4107 2388 4169 diebue

879 4187 1084 4253 iudice
1123 4194 1243 4256 aab
1292 4199 1506 4258 Proclo
1549 4218 1804 4280 superas
1845 4198 2046 4259 elatus
2088 4193 2181 4259 ad
2215 4214 2431 4258 aurae.
