3064 4890
1218 867 2326 985 PRAEFATIO

1003 1079 1591 1167 PETRI
1711 1072 2546 1167 Possum.

678 1449 967 1565 Viduae
1009 1496 1222 1562 Annae
1258 1497 1622 1565 Comnenae
1668 1501 1969 1565 amissum
2011 1509 2076 1562 et
2105 1494 2335 1560 misere
2373 1480 2824 1580 deploramu-

677 1622 817 1664 rum
863 1601 1282 1690 Nicephorum
1322 1603 1655 1669 Caesarem
1695 1604 2077 1688 Bryennium
2114 1595 2457 1686 Euripiden
2504 1594 2659 1658 velut
2701 1609 2826 1674 quo-

679 1702 827 1767 dam
854 1705 1137 1771 Herculis
1172 1707 1469 1772 miraculo
1498 1707 1848 1790 reddimus,
1887 1706 2037 1769 dum
2069 1701 2361 1768 Alexiadi
2382 1695 2742 1765 caesarime
2764 1691 2824 1753 il-

675 1807 797 1870 lius
842 1809 1160 1875 turturinis
1203 1813 1443 1897 passim
1482 1814 1804 1898 questibus
1847 1812 2064 1875 acerba
2102 1807 2391 1887 coniugis
2430 1799 2693 1868 Caesaris
2727 1797 2827 1856 sata

672 1911 1033 1974 lamentanti
1086 1913 1116 1993 (
1132 1911 1297 1998 quod
1334 1937 1490 2001 opus
1520 1927 1665 1979 ante
1692 1937 1889 1979 annos
1921 1915 2156 1999 aliquot
2187 1910 2308 1973 luci
2351 1897 2665 1987 dedimus)
2697 1897 2828 1981 BU-

672 2014 975 2079 ennianos
1019 2038 1177 2079 nunc
1217 2020 1697 2083 commentarios
1726 2016 2146 2099 adiungimus,
2199 2034 2429 2100 saepe,
2477 2008 2741 2081 mullum,
2780 2010 2827 2062 θ*

668 2118 893 2181 merito
933 2118 1150 2182 Annae
1191 2119 1281 2182 ibi
1324 2119 1640 2202 laudatos3
1691 2133 1756 2185 et
1794 2122 1977 2184 nobis
2015 2118 2361 2183 Alexianae
2400 2111 2684 2178 historiae
2718 2105 2831 2168 illu-

669 2218 959 2285 strandae
1002 2221 1301 2287 studiosis
1338 2226 1440 2290 vel
1486 2247 1565 2290 eo
1601 2225 1857 2288 nomine
1904 2221 2387 2299 desiderabiles,
2455 2212 2617 2303 quod
2658 2232 2729 2274 ex
2765 2207 2827 2269 15⁸

669 2323 992 2389 Comnena
1033 2318 1098 2389 e't
1138 2326 1447 2392 scribendi
1493 2330 1852 2409 consilium,
1899 2339 1962 2391 et
1994 2325 2344 2408 argumenti
2375 2340 2595 2404 genus,
2631 2327 2687 2378 et
2710 2310 2829 2376 scri·

666 2429 901 2517 ptionis
938 2433 1207 2495 formam
1250 2452 1322 2495 ac
1361 2432 1623 2497 modum
1679 2455 1817 2498 sese
1861 2431 2146 2496 hausisse
2184 2430 2474 2518 professa
2519 2442 2638 2486 non
2673 2413 2826 2482 semel

666 2543 783 2596 est.
885 2556 1000 2597 nec
1031 2547 1238 2600 tamen
1273 2538 1341 2599 in
1371 2538 1485 2601 hac
1519 2539 1697 2624 quasi
1726 2535 2049 2601 Alcestidis
2080 2554 2264 2598 scena
2292 2528 2610 2596 invidiose
2640 2519 2826 2604 glorio·

668 2657 772 2700 sas
798 2638 958 2701 mibi
988 2640 1359 2727 sumpserim
1384 2643 1631 2705 mirifici
1661 2641 1943 2705 Herculis
1973 2650 2215 2726 partes:
2265 2638 2501 2722 quippe
2537 2629 2630 2692 cui
2659 2624 2826 2713 p0¹i⁰⁸

556 2749 563 2758 ‘
665 2740 731 2802 in
772 2742 979 2805 fabula
1017 2744 1126 2806 tali
1156 2741 1400 2807 Admeti
1443 2743 2069 2832 persona'conveniat
2092 2741 2296 2804 alieno
2323 2734 2623 2801 beneficio
2651 2726 2827 2792 felicis·

669 2843 831 2906 vivit
876 2845 1149 2909 Tolosae
1166 2893 1183 2924 ,
1230 2859 1292 2909 et
1323 2849 1560 2912 utinam
1588 2847 1694 2911 diu
1720 2870 1790 2910 ac
1811 2846 2297 2910 fortunatissime
2324 2844 2486 2906 sicut
2511 2837 2713 2918 dignus
2737 2837 2827 2904 0³¹2

668 2946 882 3026 vivat,
932 2948 1023 3013 V.
1055 2947 1124 3013 G.
1157 2949 1461 3015 Antonius
1488 2951 1774 3015 Dadinus
1811 2951 2142 3028 Altaserra‚
2193 2944 2623 3035 praerogativa
2661 2932 2828 2998 excel-

669 3050 929 3112 lentium
969 3054 1333 3116 meritorum
1359 3067 1531 3117 extra
1562 3067 1792 3118 sortem
1822 3063 1885 3117 et
1917 3052 2454 3140 comparationum
2476 3061 2675 3109 moras
2695 3032 2827 3100 iudi·

670 3153 767 3216 cio
813 3153 1265 3220 illustrissimae
1312 3159 1475 3222 illius
1512 3157 1885 3222 Academiae
1910 3158 2160 3220 allectus
2187 3155 2255 3217 in
2281 3149 2716 3240 amplissimum
2739 3157 2826 3201 θ’·

668 3253 884 3320 dinem
921 3271 1410 3341 antecessorum,
1462 3263 1617 3326 iuris
1654 3264 1779 3325 illic
1810 3261 2127 3345 utriusque
2150 3258 2358 3338 regius
2383 3255 2703 3344 professor·
2779 3239 2826 3301 3⁸

665 3382 749 3423 ex
772 3381 908 3441 me,
961 3364 1208 3448 quicum
1239 3366 1615 3429 amicissime
1643 3366 1926 3444 vivebat,
1978 3385 2118 3426 cum
2144 3361 2400 3447 saepius
2428 3340 2829 3420 confabulando

668 3466 1066 3544 cognovisset
1114 3480 1342 3555 quanto
1379 3468 1691 3533 desiderio
1738 3481 1981 3533 tenerer
2012 3463 2431 3551 antiquissimi
2471 3456 2689 3525 codicis
2715 3449 2829 3514 Ale·

665 3564 892 3632 xiados
918 3569 1135 3634 Annae
1160 3570 1535 3651 comnenae,
1569 3594 1755 3659 quem
1782 3594 1820 3636 a
1842 3570 2072 3635 locobo
2101 3568 2354 3634 Guiacio
2385 3563 2656 3653 principe
2679 3552 2844 3617 iuris—-

661 3674 1081 3737 consultorum
1129 3673 1209 3738 ad
1254 3697 1431 3762 spem
1474 3673 1772 3741 editionis
1805 3676 1958 3740 olim
1985 3671 2280 3737 traditum
2305 3671 2451 3734 viro
2480 3658 2828 3731 nobilissimo

663 3785 727 3837 et
765 3774 1185 3843 eruditissimo
1230 3777 1416 3844 Petro
1454 3778 1659 3843 Fabro
1702 3779 2107 3856 Sanioriam,
2156 3795 2300 3839 esse
2339 3770 2548 3834 adbuc
2596 3764 2825 3830 ΤοΙοῦθθ

661 3897 887 3958 magna
928 3882 1142 3967 opinio
1182 3894 1343 3961 erat3
1398 3881 1513 3947 sed
1551 3884 1724 3946 cuius
1760 3883 1829 3945 in
1871 3902 2060 3944 manu
2099 3899 2302 3964 quave
2335 3877 2408 3939 in
2454 3873 2643 3936 domo
2676 3869 2824 3935 0³³⁰ss

660 3984 882 4043 frustra
937 3995 1071 4046 erat
1128 3997 1380 4049 eatenus
1427 3987 1797 4072 quaesitum.
1896 4006 2069 4063 cum,
2118 3984 2407 4068 inquam,
2459 3975 2637 4040 istius
2679 3980 2824 4029 meae

663 4104 843 4145 curae
887 4088 1199 4168 conscius,
1244 4100 1307 4151 et
1344 4102 1595 4176 propter
1639 4089 1979 4152 amicitiam
2006 4086 2310 4175 particeps
2337 4092 2546 4156 esset,
2588 4078 2731 4138 sorte
2754 4062 2823 4128 ill?

662 4187 948 4268 contigit,
1011 4211 1142 4254 non
1198 4188 1392 4256 modo
1433 4192 1501 4256 in
1544 4194 1832 4256 notitiam
1875 4193 2011 4255 eius
2049 4188 2321 4253 hominis
2360 4182 2612 4250 venire.
2667 4185 2823 4262 pen&

664 4312 848 4376 quem
874 4291 933 4356 is
962 4291 1287 4359 thesaurus
1316 4293 1775 4377 asservabatur,
1826 4293 1937 4360 sed
1964 4304 2029 4359 et
2055 4303 2295 4360 tantam
2319 4289 2404 4352 ab
2434 4307 2515 4350 eo
2544 4280 2693 4347 inite
2710 4289 2824 4356 ΕΝ·
