3064 4890
550 335 703 411 220
1228 331 1543 403 canon
1581 333 1712 403 nn
1761 333 2086 402 FRESNE

542 497 2151 586 proindoststimpostexpeditionemillsmSiculsm,
2209 494 2382 557 cuius
2415 514 2565 557 mox
2601 512 2735 556 mo-

544 590 708 651 mini.
808 587 1064 667 Diogene
1102 607 1227 646 non
1261 585 1453 646 multo
1503 593 1644 665 post
1705 593 2095 644 “auctorne
2153 582 2400 663 ipsoque
2459 582 2735 662 Crispino

542 673 808 738 venefica
837 673 1081 753 potione
1108 671 1184 730 ab
1212 668 1620 731 invidentibus
1647 670 1886 731 Graecis
1909 669 2182 744 sublato,
2215 667 2538 743 universis,
2579 686 2736 745 quaa

542 778 615 820 es
656 767 1001 837 tempestate
1034 755 1376 837 Byzantinis
1414 754 1756 823 merebant.
1809 754 2108 814 Francicis
2141 752 2329 833 copiis
2363 751 2733 831 praeficitur,

540 843 827 906 Michaele
870 844 1032 902 Duca
1067 842 1414 921 imperante.
1497 839 1606 900 sed
1646 848 1883 918 captate
1923 848 2061 919 post
2091 836 2240 898 hsec
2284 837 2432 896 levis
2474 837 2733 897 offensae

542 929 850 991 occasione
883 948 1020 987 cnm
1056 926 1184 991 400
1219 924 1607 1007 popularibus
1649 923 2040 984 desectionem
2091 922 2332 984 molitus
2373 923 2730 1000 Lycaoniam

540 1023 606 1074 et
626 1013 919 1073 Galatiam
944 1012 1217 1091 infestat,
1273 1009 1494 1091 oppida
1521 1020 1586 1070 et
1611 1019 1801 1068 matrs
1833 1017 2160 1088 expugnat,
2202 1027 2369 1087 agros
2395 1007 2729 1087 depopula-

538 1107 678 1177 tur,
732 1097 1012 1158 Ioannem
1053 1097 1275 1156 Ducem
1309 1097 1614 1155 Caesarem
1648 1114 1681 1153 e
1711 1092 1994 1155 michaele
2023 1093 2381 1173 imperatore
2419 1111 2500 1151 ex
2537 1094 2726 1152 tratre

537 1191 753 1264 nepote
792 1203 930 1242 cum
964 1181 1181 1241 idoneo
1222 1182 1287 1242 in
1321 1199 1385 1240 se
1424 1181 1669 1240 missum
1713 1181 1979 1239 exercitu
2035 1178 2239 1239 fundit
2279 1177 2551 1257 capitque
2601 1197 2730 1237 un·

540 1289 679 1330 cum
702 1267 1045 1328 Andronico
1072 1267 1212 1326 filio.
1292 1265 1743 1326 transeuntibus
1762 1264 1988 1324 interes
2011 1264 2073 1323 in
2097 1283 2233 1322 susa
2259 1272 2457 1342 partes
2485 1262 2728 1323 Francis

539 1354 671 1414 aliis
692 1353 796 1432 qui
820 1352 1054 1413 Caesari
1078 1350 1435 1421 militabant,
1475 1349 1780 1431 potentior
1814 1351 2000 1409 factus
2039 1359 2328 1428 partaque
2370 1367 2577 1407 recens
2598 1348 2726 1405 ela-

538 1448 641 1499 tus
670 1438 951 1513 victoris,
1002 1436 1278 1496 circumit
1311 1436 1534 1498 vicinas
1561 1436 1843 1513 Sangario
1883 1434 2183 1513 civitates,
2237 1431 2468 1511 sibique
2505 1432 2724 1509 subigit

538 1522 864 1584 universas.
942 1531 1008 1581 at
1028 1521 1379 1601 imperator,
1432 1521 1531 1589 cni
1569 1521 1732 1581 nulla
1769 1520 1832 1578 in
1870 1519 2240 1580 Graecanicis
2279 1518 2465 1597 copiis
2499 1517 2722 1577 fiducia

538 1617 697 1684 erat,
741 1608 968 1668 ancos
1014 1606 1093 1666 ad
1133 1605 1346 1666 sociale
1371 1606 1580 1666 foedus
1607 1605 1887 1666 invitatos
1925 1606 2006 1664 ad
2033 1604 2250 1664 bellum
2275 1611 2488 1662 contra
2515 1602 2720 1663 Ursel-

322 1697 370 1751 P
402 1697 506 1754 211
539 1693 667 1754 lum
691 1691 1127 1772 suscipiendum
1149 1691 1428 1751 sollicitat
1466 1690 1915 1771 persuadetque.
1998 1690 2258 1749 Ursellua
2280 1708 2414 1748 cum
2438 1707 2501 1746 se
2522 1690 2720 1766 impa-

531 1797 661 1837 rem
684 1778 1019 1837 ancorum
1046 1777 1274 1837 viribus
1304 1785 1606 1851 cerneret,
1661 1776 1996 1849 Caesarem,
2049 1793 2227 1853 quem
2251 1774 2523 1833 vinctum
2549 1782 2718 1832 tene-

530 1862 665 1935 bat,
733 1860 1018 1919 eductum
1062 1861 1139 1919 ‹le
1182 1879 1417 1920 carcere
1458 1861 1714 1940 appellat
1746 1861 2185 1941 imperatorem,
2250 1858 2717 1938 Byzantinos-um

528 1962 846 2025 procerum
872 1943 1343 2003 benevolentiam
1377 1943 1494 2003 hoc
1525 1947 1684 2004 sacto
1724 1947 2176 2005 conciliaturum
2207 1963 2268 2003 se
2295 1943 2570 2024 partibus
2594 1944 2718 2002 suis

527 2046 789 2110 sperans.
873 2027 1179 2087 commisso
1219 2028 1458 2087 interim
1485 2048 1624 2088 cum
1653 2030 1863 2090 Turcis
1893 2031 2147 2110 praelio,
2190 2028 2449 2089 Ursellus
2472 2038 2536 2087 et
2561 2028 2720 2086 Cae-

529 2133 662 2188 sar,
705 2109 900 2172 deleto
927 2112 1224 2188 exercitu,
1286 2132 1410 2172 non
1436 2113 1742 2173 incruenta
1769 2123 1968 2174 tamen
1992 2114 2264 2175 hostibus
2286 2114 2563 2183 victoria,
2602 2132 2714 2172 ca-

528 2199 803 2279 piuntur.
883 2196 988 2256 sed
1020 2196 1313 2274 Ursellus,
1369 2196 1627 2278 depenso
1672 2200 1879 2258 statim
1924 2199 1999 2259 ab
2051 2219 2243 2260 uxore
2291 2197 2708 2279 redemptionis

525 2283 753 2365 pretio,
810 2280 1075 2341 libertati
1129 2281 1402 2343 redditus
1460 2283 1863 2363 proficiscitur
1913 2285 1976 2345 in
2017 2284 2356 2346 Armeniam
2399 2293 2458 2343 et
2496 2302 2705 2344 versus

525 2368 814 2429 Pontum:
871 2366 1158 2445 novisque
1194 2369 1410 2427 coactis
1449 2369 1633 2449 copiis
1677 2368 1898 2430 bellum
1926 2389 2135 2431 rursus
2175 2370 2500 2445 instaurat,
2543 2386 2709 2428 arces

526 2452 813 2532 quosdam
852 2462 1135 2532 occupat,
1197 2455 1358 2514 unde
1380 2453 1649 2515 incursat
1673 2455 1940 2516 Amasiae
1971 2466 2035 2516 et
2063 2456 2491 2516 Neocaesarese
2521 2474 2711 2534 agros.

517 2545 794 2618 superato
817 2536 1031 2597 deinde
1052 2547 1114 2598 et
1133 2538 1264 2599 suso
1280 2539 1613 2619 Nicephoro
1627 2540 1984 2621 Palaeologo,
2009 2561 2146 2601 cum
2167 2541 2442 2602 Alexium
2457 2541 2710 2600 comno-

518 2643 668 2685 num
707 2642 982 2700 magnum
1016 2622 1403 2685 domesticum
1439 2644 1577 2685 cum
1600 2624 1830 2686 idoneis
1852 2628 2034 2707 copiis
2059 2625 2382 2688 adventare
2406 2624 2708 2706 percepis-

519 2717 645 2785 set,
700 2711 767 2768 in
789 2708 1160 2782 Tui-corum,
1214 2710 1316 2787 qui
1356 2710 1616 2788 proximi
1658 2711 1935 2787 ederent,
1977 2712 2150 2770 missa
2193 2711 2356 2792 prius
2393 2711 2704 2789 leg-tione,

518 2801 710 2852 castra
736 2792 1048 2867 concessit,
1090 2811 1191 2852 eos
1226 2794 1293 2855 in
1329 2814 1465 2854 suas
1500 2804 1700 2874 partes
1729 2797 1959 2856 allicere
2000 2805 2061 2856 et
2089 2796 2203 2856 sibi
2246 2796 2562 2855 conciliare
2586 2815 2701 2853 an-

516 2877 712 2937 nixus.
796 2895 1008 2938 verum
1031 2879 1212 2938 Turci
1238 2879 1410 2938 donis
1434 2879 1768 2958 ingentibus
1809 2892 1871 2941 et
1909 2881 2228 2943 maioribus
2255 2881 2434 2941 illecti
2459 2880 2700 2961 pollici-

512 2960 865 3037 tationibus,
922 2962 1216 3022 Ursellum
1255 2964 1462 3024 Alexio
1494 2965 1766 3026 vinctum
1799 2967 2082 3042 tradunt,
2138 2987 2174 3025 a
2216 2986 2337 3045 qno
2369 2965 2698 3047 perductus

510 3053 603 3105 eat
635 3045 1206 3127 Constantinopolim
1245 3041 1581 3127 carcerique
1612 3051 2001 3131 mancipatus.
2083 3052 2357 3111 nuntiata
2379 3060 2519 3130 post
2547 3049 2697 3110 haec

509 3129 826 3211 Nicephosi
852 3130 1134 3210 Bryennii
1161 3131 1488 3194 desectione
1501 3176 1522 3208 ,
1589 3135 1836 3196 michael
1852 3183 1871 3213 ,
1928 3136 2049 3197 auis
2082 3136 2346 3215 undique
2373 3136 2698 3196 dilabenti-

506 3214 656 3293 bus,
695 3215 987 3277 Ursellum
1002 3261 1020 3293 ,
1063 3216 1167 3295 qui
1195 3218 1274 3277 ad
1301 3219 1676 3280 Botaniatam
1708 3221 1954 3301 perinde
1987 3222 2369 3282 rebellantem
2397 3219 2692 3302 proficisci

507 3298 625 3360 iam
669 3310 845 3360 antes
899 3301 964 3361 in
1021 3302 1218 3363 animo
1260 3301 1580 3378 habuerat,
1651 3306 1934 3367 eductum
1982 3306 2058 3365 de
2107 3325 2344 3367 carcere
2391 3307 2688 3384 variisque

507 3384 786 3445 affectum
836 3383 1165 3447 honoribus
1206 3389 1392 3451 mittit
1428 3398 1638 3450 contre
1684 3391 2066 3470 Bryennium.
2165 3411 2285 3471 qus
2325 3392 2389 3452 in
2434 3391 2690 3470 expedi-

500 3469 665 3530 tione
703 3469 965 3530 Ursellus
1006 3472 1296 3553 egregiam
1336 3474 1682 3555 imperatori
1730 3478 1978 3537 navavit
2030 3495 2289 3556 operam.
2401 3475 2688 3535 michaele

503 3553 756 3633 denique
781 3554 845 3614 in
881 3554 1151 3617 ordinem
1184 3558 1451 3636 redacto,
1492 3558 1869 3641 Nicephorus.
1885 3561 2181 3641 logotheta
2194 3605 2211 3637 ‚
2250 3560 2442 3639 quiin
2463 3561 2686 3641 palatio

500 3658 702 3700 rerum
726 3638 1013 3700 hactenus
1037 3641 1267 3721 potitus
1291 3645 1504 3722 suerat,
1529 3645 1853 3724 Selybriam
1869 3646 1947 3724 ¹⁸¹),
1985 3666 2109 3723 seu,
2137 3654 2207 3707 ut
2227 3646 2509 3727 Scylitzes
2535 3645 2687 3705 scri-

499 3721 615 3800 bit,
679 3723 1024 3785 Heracleam
1065 3727 1144 3787 ad
1192 3729 1483 3791 Ursellum
1535 3731 1700 3792 venit
1715 3774 1736 3807 ‚
1789 3750 1910 3809 quo
1969 3732 2095 3792 eius
2137 3750 2250 3811 ope
2290 3733 2354 3790 in
2399 3728 2683 3810 Bryennii

498 3813 691 3868 c'sstre
715 3810 1028 3887 transiret3
1076 3831 1254 3890 quem
1292 3814 1392 3874 ille
1429 3814 1630 3875 statim
1672 3813 2160 3895 comprehensum
2186 3815 2265 3877 ed
2288 3816 2684 3887 Botaniatsm,

496 3894 602 3970 qui
655 3902 785 3952 tum
843 3894 1164 3974 impwator
1218 3898 1412 3959 suerat
1456 3900 1833 3963 renuntiatus
1848 3944 1866 3975 ‚
1927 3904 2193 3962 vinctum
2248 3900 2511 3961 adducit.
2595 3900 2681 3959 its

495 3976 850 4056 lin-ymnius:
888 3980 994 4041 sed
1021 4000 1145 4041 rem
1175 3984 1354 4062 paulo
1376 4002 1546 4044 secus
1568 3996 1775 4045 narrat
1800 3984 2103 4064 Scylitzes.
2158 3986 2244 4047 sit
2270 3986 2484 4066 quippe
2508 3984 2679 4063 logo-

495 4059 724 4122 thetam
768 4065 1097 4145 confugisse
1149 4067 1227 4126 ad
1274 4069 1568 4130 Ursellum
1623 4072 2098 4150 occultatumque
2157 4070 2519 4150 aliquamdiu
2566 4070 2679 4129 ‹le-

492 4155 667 4207 tonsa
700 4165 867 4207 coms
895 4150 970 4210 ab
999 4150 1129 4232 ipso
1154 4163 1489 4235 servatum,
1524 4154 1819 4218 Ursellum
1846 4156 2041 4238 ipsum
2067 4174 2297 4219 veneno
2325 4154 2680 4217 exstinxisse

623 4331 688 4400 ’J
721 4305 1253 4404 eminatam&
