3064 4890
560 305 713 379 ‘226
1224 303 1536 374 GAROLI
1582 304 1710 373 Du
1751 305 2076 375 FRESNE

558 470 844 555 patruelis
876 489 952 532 ex
981 470 1105 533 filio
1131 472 1364 552 nepoti,
1407 491 1524 550 qua
1554 470 1654 531 ille
1680 471 2023 551 potiebatur
2051 471 2161 535 An.
2196 476 2379 539 1870.
2462 490 2542 535 ex
2571 491 2756 552 prae-

560 559 732 619 dictis
768 559 890 617 iam
918 559 1059 618 satis
1087 577 1378 637 superque
1404 566 1676 618 constare
1704 558 1960 617 arbitror
1984 557 2355 618 Balliolenses
2371 557 2756 638 AnglosSco-

558 654 771 721 tosque
811 665 931 703 non
973 664 1007 703 a
1051 643 1448 703 Normannica
1490 641 1754 703 eiusdem
1806 644 2288 703 nomenclaturae
2333 645 2560 703 familia
2599 664 2756 724 pro-

557 729 765 803 diisse,
807 728 915 788 sed
943 747 1018 788 ex
1053 749 1118 787 ea
1147 729 1377 805 quaein
1403 728 1810 787 Vinemacensi
1833 749 1974 807 agro
1997 728 2205 787 floruit
2227 738 2290 787 et
2315 730 2602 804 Picardia,
2643 731 2755 790 ubi

554 814 794 896 praedia
837 815 911 873 de
946 815 1254 890 Baiueul,
1298 812 1373 873 de
1397 817 1788 893 Dampierre,
1833 813 2275 873 de'H'ellicom
2303 823 2362 872 et
2386 813 2462 873 de
2490 816 2756 895 Hor-noy

552 900 837 981 possedit.
917 899 1261 974 Balliolum,
1304 899 1469 976 quod
1512 900 1678 977 genti
1721 899 2169 978 appellationem
2196 899 2394 974 dedit,
2434 909 2606 959 tenet
2631 900 2755 960 ho-

556 986 651 1045 die
681 985 892 1047 domus
928 986 1182 1044 Melunia
1208 1003 1315 1043 seu
1336 985 1409 1042 de
1431 986 1673 1058 Melan,
1717 986 2093 1064 Dampetram
2123 993 2182 1044 et
2207 985 2536 1045 Hornaium
2561 987 2752 1045 Ram-

550 1069 770 1146 burea,
815 1070 1192 1130 Hellicurtim
1227 1069 1480 1148 denique
1505 1068 1820 1130 Rouhalda
1847 1090 1950 1130 seu
1979 1069 2296 1129 Gamachia
2324 1089 2402 1129 ex
2420 1070 2620 1130 Caroli
2641 1071 2750 1131 vfl

339 1161 387 1217 Ρ
419 1161 519 1218 215
552 1156 837 1216 Franciae
878 1155 1033 1236 regis
1076 1154 1236 1216 dono
1277 1154 1578 1214 Ioachimo
1617 1155 1934 1215 Rouhaldo
1961 1154 2245 1216 Franciae
2272 1156 2609 1215 marescallo
2632 1158 2747 1217 snb

555 1262 755 1301 annuo
780 1261 960 1301 censu
989 1243 1165 1302 facto.
1252 1240 1415 1319 quod
1446 1239 1685 1320 quidem
1718 1250 1974 1301 castrum
2008 1262 2042 1299 a
2067 1241 2444 1301 Balliolornm
2467 1240 2750 1301 haeredi-

553 1328 667 1388 bus
694 1334 918 1387 emerat
942 1337 1112 1386 antea
1152 1325 1483 1386 Edwardus
1523 1326 1765 1404 Angliae
1801 1346 1911 1385 rex
1952 1336 2014 1387 et
2053 1327 2362 1386 comitatui
2402 1326 2747 1387 Pontivensi

555 1413 930 1473 adiunxerat.
1013 1412 1118 1471 sed
1144 1420 1205 1470 et
1225 1410 1342 1471 hoc
1368 1411 1703 1470 notandum
1728 1411 1800 1470 ab
1830 1411 2036 1472 eodem
2065 1412 2475 1471 Hellicurtcnsi
2500 1413 2747 1492 praedio

554 1499 795 1559 fluxisse
817 1497 1171 1557 Balliolanae
1208 1496 1463 1555 familiae
1501 1497 1837 1576 symbolum
1867 1516 1972 1556 seu
2012 1497 2363 1569 clamorem,
2400 1505 2473 1556 ut
2504 1507 2746 1575 vocant,

552 1584 901 1659 militarem,
944 1583 1047 1661 qui
1085 1581 1263 1659 vulgo
1301 1582 1547 1642 Scoticis
1590 1582 1821 1660 regibus
1850 1583 1913 1641 in
1946 1584 2291 1642 universum
2323 1582 2683 1643 adscribitur
2708 1603 2746 1642 a

552 1669 855 1731 socialibus
888 1667 1134 1741 nostris,
1177 1668 1278 1744 qui
1316 1668 1524 1727 Ioanni
1566 1677 1629 1727 et
1674 1667 1970 1727 Edwardo
2006 1668 2264 1728 Balliolis
2305 1669 2586 1747 proprius
2609 1669 2744 1748 fuit,

556 1774 770 1832 nempe
808 1754 1155 1813 Hellicourt
1185 1774 1254 1810 en
1286 1756 1565 1812 Pontica.
1649 1771 1727 1813 ex
1748 1773 1867 1831 quo
1892 1773 2198 1833 perperam
2225 1762 2286 1811 et
2307 1754 2622 1813 infeliciter
2645 1774 2744 1812 sa-

554 1840 633 1897 tis
677 1838 982 1916 vignerius
1029 1839 1139 1897 sub
1179 1836 1246 1896 A.
1286 1843 1484 1913 1286,
1538 1839 1942 1899 Crucimanius
1976 1839 2040 1897 in
2076 1838 2229 1904 Bibl.
2277 1839 2497 1917 Script.
2532 1839 2741 1903 Gallie.

550 1942 613 2002 p.
652 1924 776 1987 528
817 1931 879 1980 et
914 1922 1238 1999 Sauvagius
1275 1923 1353 1979 ad
1400 1923 1738 1982 Chronicon
1777 1923 2092 1983 Elandriae
2128 1923 2514 1984 vernaculum
2573 1945 2626 1984 c.
2661 1929 2746 1992 88

550 2006 895 2067 Haricuriae
927 2006 1195 2065 dominos
1221 2006 1402 2064 fuisse
1431 2007 1706 2066 Balliolos
1735 2008 2014 2067 hariolati
2043 2017 2197 2069 sunt.
2260 2009 2450 2089 gentis
2468 2009 2748 2069 Balliolae

550 2091 983 2150 Vinemacensis
1022 2111 1185 2150 arma
1230 2099 1292 2149 et
1328 2090 1580 2169 insignia
1617 2094 1778 2151 varie
1827 2094 2083 2153 efferunt
2117 2094 2289 2173 libri,
2331 2076 2480 2172 quin
2521 2103 2747 2155 vocant

546 2177 960 2238 Provinciales.
1043 2176 1482 2254 manuscriptus
1521 2178 1791 2237 Scoticus
1827 2179 1932 2257 qui
1957 2199 2139 2258 penes
2163 2198 2253 2239 me
2278 2188 2396 2253 ost,
2435 2180 2743 2238 scutulum

547 2272 889 2341 argenteum
931 2262 994 2321 in
1037 2262 1281 2321 miniata
1317 2280 1451 2320 area
1476 2262 1749 2341 assignat.
1832 2264 1983 2323 alter
2019 2265 2276 2324 Gallicus
2311 2264 2606 2324 scutulum
2631 2285 2738 2324 ar·-

542 2358 819 2428 genteum
836 2390 855 2424 ,
896 2347 1108 2406 tertius
1138 2347 1486 2407 Armeniaco
1515 2348 1861 2408 distinctum
1890 2350 2106 2411 vellere
2129 2350 2289 2410 facit.
2373 2348 2741 2411 Duchesnius

544 2433 799 2513 denique
823 2433 1121 2494 scutulum
1149 2432 1400 2494 rubeum
1432 2437 1497 2494 in
1528 2433 1876 2494 Armeniaca
1910 2455 2043 2495 area
2076 2435 2368 2496 attribuit.

709 2539 768 2599 p.
794 2519 876 2584 74
911 2539 967 2579 v·
1001 2525 1096 2585 12.
1184 2513 1468 2599 Ζόμπου]
1513 2519 1718 2578 eadem
1750 2519 1932 2581 habet
1962 2522 2271 2601 Scylitzes,
2314 2520 2417 2599 qni
2442 2541 2478 2579 a
2505 2522 2744 2600 Bryan-

541 2604 641 2664 nio
683 2607 963 2684 pleraque
1002 2603 1204 2663 hausit
1237 2623 1386 2680 quae
1417 2606 1479 2664 in
1508 2604 1794 2664 Michaele
1820 2607 1980 2666 Duce
2022 2608 2234 2682 refert,
2281 2625 2456 2683 quem
2483 2625 2597 2665 nec
2620 2606 2741 2666 hoc

540 2689 676 2749 loco
711 2690 1041 2750 exscribere
1077 2700 1167 2749 est
1202 2689 1463 2766 animus,
1503 2710 1618 2749 nec
1651 2691 1714 2750 in
1752 2691 1907 2767 aliis,
1952 2691 2056 2751 ubi
2096 2712 2230 2751 cum
2257 2690 2560 2771 Bryennio
2588 2712 2739 2752 con-

541 2776 752 2846 sentit,
792 2795 871 2833 ne
898 2777 1115 2834 nimius
1146 2774 1274 2834 sim.
1356 2774 1421 2833 id
1447 2776 1589 2834 satis
1613 2777 1729 2836 erit
1753 2777 1931 2836 semel
1951 2778 2261 2837 monuisse.

711 2880 771 2939 p.
798 2864 876 2925 81
910 2881 971 2924 V.
1006 2865 1101 2924 12.
1183 2854 1457 2961 Ἀρτούχ]
1506 2861 1666 2920 lnsra
1698 2882 1754 2924 n.
1784 2866 1860 2927 18
1885 2854 2234 2944 Ἀρτατοῦχ,
2270 2860 2428 2920 idem
2451 2862 2610 2920 forte
2629 2860 2736 2939 qui

540 2963 604 3003 n.
632 2948 709 3009 21
751 2951 814 3002 et
838 2944 1040 3002 Annae
1078 2965 1138 3022 p.
1172 2947 1212 3007 4
1261 2949 1503 3025 Ἰδυταχ.
1588 2947 1708 3006 suit
1734 2946 1961 3007 Artach
1998 2956 2140 3007 ortu
2169 2949 2650 3021 Turcomsnnus,
2694 2966 2733 3005 a

542 3048 662 3106 quo
698 3029 1111 3088 Artacidarum
1163 3029 1387 3107 prodiit
1424 3030 1656 3091 familia.
1739 3031 1789 3090 is
1831 3052 1988 3091 anno
2028 3032 2170 3111 Heg.
2196 3035 2352 3107 488,
2390 3030 2536 3093 chr.
2572 3030 2732 3097 1075

541 3132 664 3172 nna
696 3133 832 3173 cum
858 3114 1245 3194 Tageoldulo‚
1299 3115 1507 3194 Aleppi
1544 3136 1647 3176 seu
1680 3117 2010 3177 Berrhoeae
2048 3116 2368 3197 toparcha,
2409 3117 2732 3195 solyman-

540 3219 689 3259 num
734 3199 1106 3260 Nicaeensem
1156 3200 1474 3260 Sultauum
1531 3202 1608 3261 de
1666 3202 1863 3263 medio
1928 3203 2199 3280 sustulit,
2254 3211 2330 3263 nt
2367 3211 2578 3261 narrat
2621 3200 2730 3262 131-

538 3284 823 3346 Mecinus.
2235 3299 2244 3308 '

709 3391 771 3450 p.
796 3375 880 3437 87
919 3391 977 3431 v.
1002 3376 1106 3436 20.
1190 3366 1506 3453 χρημάτων
1547 3366 1807 3453 ἠπόρει]
1867 3371 2275 3452 Comparanda
2324 3372 2552 3431 coniux
2589 3390 2727 3430 cum

537 3455 780 3534 coniuge
823 3475 927 3516 seu
966 3476 1100 3515 cum
1126 3454 1427 3535 Bryennio
1455 3457 1662 3533 Anna,
1703 3477 1853 3535 quae
1887 3478 1964 3517 ex
1989 3458 2308 3518 fusioribus
2329 3457 2534 3516 mariti
2557 3476 2725 3516 com·

534 3542 838 3601 mentariis
865 3542 1141 3621 pleraque
1168 3562 1276 3621 per
1303 3544 1602 3621 synopsim
1631 3545 1844 3624 attigit,
1892 3563 2042 3620 quae
2066 3543 2248 3603 habet
2271 3544 2312 3602 l.
2343 3549 2373 3606 1
2407 3540 2723 3601 Alexindis.

697 3646 759 3706 p-
787 3630 867 3691 98
900 3647 956 3687 v-
982 3631 1088 3693 21.
1171 3625 1475 3709 Μαύρηξ]
1518 3630 1602 3687 De
1626 3649 1745 3708 quo
1774 3630 1852 3689 ad
1883 3629 2148 3688 Alexiad.
2177 3649 2237 3707 p.
2275 3632 2413 3692 107.

699 3732 757 3791 p.
791 3715 873 3775 99
908 3732 967 3771 v.
998 3711 1056 3777 4.
1145 3714 1637 3793 Κωνσεαντΐνος]
1679 3714 2132 3774 Constantinum
2173 3712 2291 3773 hoc
2332 3711 2465 3771 loco
2505 3719 2565 3769 et
2604 3710 2647 3769 l.
2682 3711 2715 3771 1

530 3815 592 3857 n.
619 3803 661 3864 6
706 3796 992 3876 appellat,
1037 3797 1138 3873 qui
1181 3800 1388 3857 ceteris
1433 3801 1822 3879 scriptoribus
1856 3801 1972 3859 Leo
2012 3806 2413 3879 nuncupatur.
2495 3815 2557 3856 v.
2595 3802 2721 3854 not.

533 3880 615 3939 ad
646 3888 850 3941 Annae
882 3903 935 3961 p.
965 3887 1085 3948 112
1118 3891 1175 3941 et
1201 3891 1444 3943 stemma
1472 3885 1756 3945 Conmen-

701 3987 766 4045 p·
801 3973 922 4032 100
951 3986 1009 4026 v.
1034 3971 1138 4031 22.
1225 3964 1582 4050 Χωροβάτοι
1615 3970 1719 4035 καὶ
1752 3967 2062 4049 Διοκλεΐς]
2101 3966 2332 4028 Bellum
2364 3963 2484 4024 hoc
2517 3962 2720 4024 Servi-

526 4070 665 4197 cgm
690 4052 1071 4131 prosequitur
1096 4053 1375 4132 Scylitzes
1398 4075 1462 4135 p.
1489 4056 1610 4123 851
1643 4067 1706 4117 et
1728 4075 1872 4138 seq„
1902 4065 1975 4116 ut
2002 4064 2059 4114 et
2085 4057 2258 4115 Anna
2285 4052 2325 4114 l.
2357 4054 2414 4114 1.
2498 4070 2558 4112 v.
2585 4056 2716 4110 not.

526 4156 562 4195 a
686 4179 703 4197 .
728 4136 830 4201 40.
2219 4141 2225 4146 ’

644 4157 748 4301 pp.
782 4224 899 4286 101
929 4242 989 4282 v.
1019 4227 1114 4287 16.
1204 4222 1457 4307 Maximi),
1484 4219 1958 4308 κηρουλλᾶριος]
2000 4223 2125 4298 Qui
2160 4217 2563 4302 patriarcham
2602 4216 2717 4297 egit

522 4316 660 4389 post
697 4306 971 4367 Alexium
984 4351 1005 4383 ,
1046 4308 1473 4391 imperantibus
1511 4311 1906 4374 Monomscho
1920 4353 1942 4390 ,
1983 4308 2337 4386 Theodora,
2373 4304 2715 4367 Sti-atiotico
