3064 4890
565 297 715 371 216
1236 294 1549 365 GARou
1595 295 1719 363 DU
1779 293 2104 364 FRESNE

560 470 885 546 gnomento
924 459 1231 543 saiwam,
1298 461 1626 523 Arnolinus
1673 470 1739 522 et
1781 461 2106 533 Renulfus,
2162 458 2402 522 sedibus
2449 461 2573 522 suis
2613 464 2776 542 pulsi

560 550 697 627 vel,
738 557 810 610 nt
834 548 936 608 elii
961 549 1210 628 volunt,
1250 547 1331 608 ed
1362 547 1839 627 consequendam
1865 549 1930 609 in
1959 547 2190 628 praeliis
2211 546 2492 627 gloriam,
2533 566 2608 608 eo
2630 570 2773 628 pro·

560 635 736 711 fecti,
777 633 926 695 dum
952 655 1064 715 pro
1094 634 1334 695 Graecis
1358 633 1575 712 quibus
1600 643 1880 714 praeerat
1899 633 2016 695 hac
2035 641 2229 694 aetate
2250 633 2521 708 Basilius,
2557 644 2776 695 eontra

560 725 891 783 Saracenos
915 719 1144 780 Siculos
1158 764 1177 795 ,
1236 729 1369 781 tum
1410 720 1592 779 etiem
1635 729 1848 781 contre
1886 720 2144 781 Graecos
2189 739 2304 799 pro
2344 718 2777 781 rebellantibus

562 807 729 869 Italis
757 806 975 866 sciiter
1006 814 1308 886 pugnent,
1350 814 1589 866 tentem
1623 806 1690 865 in
1727 825 1795 866 re
1832 805 2076 867 militari
2117 805 2335 865 semem
2371 813 2517 866 sunt
2555 825 2775 866 conse-

562 893 690 954 cuti
711 935 732 969 ,
772 901 844 953 nt
870 891 1104 951 easdem
1130 910 1447 973 peragrare
1469 891 1847 972 provincias,
1899 891 2101 971 ibiqtie
2124 891 2336 951 sectari
2359 891 2584 971 praelia
2607 891 2774 953 Nor-

559 997 810 1039 msnnos
848 977 1097 1056 gentiles
1132 976 1354 1058 cupido
1389 977 1717 1038 incesserit.
1797 985 1980 1056 etque
2020 976 2085 1037 hi
2114 975 2262 1036 dnm
2283 977 2626 1056 frequentes
2652 977 2773 1038 ed-

557 1072 731 1141 sunt,
773 1063 1152 1142 numerosiqe
1181 1063 1493 1123 confluunt
1506 1107 1525 1140 ,
1567 1061 1846 1142 Apuliam
1871 1064 2080 1145 ipsam,
2125 1061 2456 1123 Calabriam
2469 1106 2486 1138 ‚
2529 1072 2596 1122 et
2617 1063 2769 1124 vici-

559 1170 670 1211 nes
695 1150 966 1229 regiones
997 1169 1109 1210 suo
1138 1149 1378 1209 tandem
1400 1149 1518 1209 iuri
1551 1149 1902 1225 subdidere,
1941 1149 2281 1228 provincias
2320 1158 2383 1208 et
2422 1148 2644 1229 oppidu
2668 1149 2774 1208 in-

557 1247 656 1298 ter
684 1255 747 1295 se
782 1235 1103 1315 dispertiti.
1184 1233 1407 1297 horum
1441 1235 1544 1294 alii
1576 1235 1805 1316 pecatis
1841 1236 2048 1311 rebus,
2089 1253 2197 1295 seu
2232 1234 2398 1313 qnod
2419 1243 2513 1294 est
2535 1234 2773 1294 similli-

558 1341 727 1384 mnm
757 1340 939 1396 vero,
982 1320 1146 1401 quod
1170 1321 1235 1382 in
1257 1330 1492 1403 partem
1513 1319 1674 1381 bello
1702 1320 2111 1401 quaesitorum
2137 1340 2262 1380 non
2290 1320 2630 1397 venissent,
2667 1320 2770 1380 in-

559 1407 817 1488 dignati,
897 1407 1474 1488 Constantinopolim
1516 1414 1969 1483 concesserunt,
2030 1406 2306 1480 Graecis,
2373 1406 2593 1484 quibus
2630 1414 2768 1466 tum

557 1494 783 1556 bellum
806 1502 938 1553 eret
961 1513 1101 1553 cum
1123 1493 1336 1553 Turcis
1348 1536 1368 1570 ‚
1408 1512 1654 1578 operam
1681 1512 1851 1554 susm
1876 1492 2159 1569 locaturi,
2200 1447 2310 1552 nbi
2329 1490 2408 1549 ab
2438 1491 2767 1571 imperato-
2859 1502 2866 1515 ·

557 1581 726 1641 ribus
757 1580 1008 1659 benigne
1033 1579 1264 1661 excepti
1291 1586 1463 1656 snnt,
1520 1598 1661 1640 cnm
1692 1599 1924 1639 summa
1971 1588 2125 1653 esset
2157 1576 2324 1657 apud
2346 1576 2486 1637 illos
2514 1596 2588 1636 es
2610 1585 2764 1637 tem—

557 1675 788 1748 pestate
826 1665 1310 1726 Normsnnorum
1366 1664 1610 1725 virtutis
1666 1673 1730 1725 et
1779 1664 2025 1745 peritiae
2075 1662 2349 1723 militaris
2386 1663 2764 1728 existimatio.

557 1750 671 1813 hos
693 1752 855 1812 inter
878 1752 990 1812 sub
1018 1750 1170 1811 hsce
1194 1759 1465 1830 tempora
1491 1759 1619 1811 tres
1645 1757 1752 1811 sut
1769 1760 2032 1829 quatuor
2054 1748 2429 1830 potissimum
2455 1757 2770 1809 recensent

554 1836 880 1916 scriptores
915 1836 1231 1914 Byzantini
1275 1840 1437 1916 (nam
1476 1835 1555 1895 de
1592 1836 1805 1896 ceteris
1835 1836 1938 1915 qui
1975 1834 2182 1896 Alexio
2211 1834 2554 1895 militarunt
2569 1878 2589 1910 ,
2649 1835 2766 1895 erit

554 1922 708 1981 elius
736 1921 973 1981 dicendi
997 1920 1230 1998 locus),
1286 1921 1615 1981 lindulfum
1649 1940 1865 2001 nempe
1893 1919 2128 2000 patricii
2156 1920 2443 1999 dignitate
2469 1919 2768 1981 donatum

552 2026 593 2066 e
615 2004 902 2067 michaele
923 2005 1299 2080 Stratiotico‚
1351 2005 1450 2065 cui
1481 2006 1707 2066 meruit
1735 2005 2026 2067 adversus
2053 2006 2339 2067 Isssdum
2371 2007 2764 2083 Comnennm,

554 2112 695 2153 cum
735 2091 808 2152 iis
848 2091 915 2150 in
956 2091 1125 2151 bellis
1169 2091 1536 2171 praeclaram
1575 2099 1856 2151 nsvssset
1899 2110 2177 2174 opernm:
2259 2092 2638 2152 Goscelinnm
2685 2091 2764 2151 de

548 2177 830 2239 Orencho
852 2220 874 2254 ,
914 2177 1019 2255 qni
1038 2177 1152 2237 sub
1176 2178 1447 2236 Romano
1480 2176 1737 2256 Diogene
1763 2176 2026 2257 primum
2055 2177 2124 2238 in
2151 2177 2377 2258 psletio
2410 2177 2607 2237 lomim
2642 2176 2758 2237 ob-
2893 2220 2900 2225 -

545 2264 763 2342 tinnit3
820 2263 1159 2345 Crispinum
1195 2273 1472 2322 nostrum
1516 2262 1962 2341 Bryennisnum
1979 2306 2000 2340 ,
2057 2283 2130 2322 sc
2171 2262 2431 2342 denique
2463 2261 2760 2323 Ursellnm

547 2349 626 2412 de
653 2349 900 2409 Belliolo
912 2391 935 2425 ,
986 2349 1094 2428 qui
1128 2348 1243 2408 sub
1267 2346 1555 2411 michaele
1577 2348 1746 2408 Duca
1777 2368 1875 2409 res
1910 2368 2154 2428 magnes
2167 2349 2371 2428 gessit.
2457 2347 2765 2409 Robertns

544 2445 612 2498 et
638 2435 903 2497 Ursellus
940 2435 1052 2496 sub
1094 2432 1335 2495 eosdem
1376 2435 1565 2495 ferme
1605 2456 1796 2496 snnos
1835 2455 1914 2495 ex
1934 2433 2106 2496 ltalia
2143 2435 2223 2495 sd
2247 2434 2568 2515 Diogenem
2595 2435 2762 2496 Con-

542 2521 995 2602 stentinopolim
1020 2539 1260 2587 venere.
1346 2540 1418 2580 sc
1440 2521 1746 2582 Robertus
1786 2521 2028 2601 quidem
2069 2540 2277 2583 versus
2310 2522 2574 2582 Orientis
2613 2542 2762 2602 psr-

318 2612 368 2669 1³
400 2612 506 2670 208
538 2617 664 2686 tes,
705 2628 846 2678 cum
873 2607 1095 2689 copiis,
1141 2607 1357 2686 quibus
1385 2614 1666 2686 praeerat
1680 2650 1699 2684 ,
1740 2606 1794 2667 N
1796 2628 2190 2685 ormsnnms
2230 2615 2305 2668 nt
2331 2607 2417 2668 ibi
2445 2606 2759 2685 hiemaret,

533 2693 785 2771 missus,
840 2712 951 2754 sen
989 2713 1027 2753 a
1071 2702 1291 2753 natura
1335 2701 1487 2752 esset
1527 2692 1750 2774 cupido
1783 2693 1971 2772 lucri,
2013 2652 2190 2773 quod,
2203 2693 2414 2754 Graeci
2435 2694 2759 2775 scriptores

534 2779 787 2854 volunt,
851 2798 992 2854 sen,
1047 2777 1216 2857 qnod
1250 2778 1653 2859 probabilius,
1703 2779 1846 2858 quie
1866 2778 2164 2860 stipendia
2190 2800 2316 2840 non
2348 2778 2548 2841 solnta
2573 2798 2760 2859 prse-

541 2872 814 2941 texeret,
872 2862 1100 2925 incolas
1132 2864 1306 2939 bonis
1335 2864 1488 2943 suis,
1543 2873 1607 2926 et
1633 2873 1940 2926 exactores
1962 2865 2349 2945 vectigalibus
2389 2874 2453 2925 et
2485 2866 2758 2945 pecuniis

540 2949 793 3031 publicis
820 2949 1067 3030 spoliet,
1112 2949 1293 3011 obvia
1315 2968 1585 3030 quaeque
1616 2950 1858 3032 diripit,
1900 2950 2270 3028 obsistentes,
2312 2950 2594 3011 caedibus
2619 2951 2758 3011 lieu

540 3042 843 3117 parceret,
884 3037 1053 3115 fuget
1083 3034 1423 3115 funditque.
1509 3035 1677 3119 qnod
1703 3056 1842 3097 cum
1868 3035 2173 3117 perlatum
2203 3045 2358 3097 esset
2382 3036 2510 3097 sd
2491 3056 2756 3117 impera-

538 3131 773 3197 torem,
833 3120 992 3182 illico
1020 3120 1353 3182 Samuelem
1379 3121 1760 3198 Alasiennm,
1816 3122 2079 3184 nobilem
2114 3123 2469 3203 Belgarum,
2524 3123 2757 3203 sibique

539 3208 744 3271 nescio
776 3227 896 3286 que
920 3207 1211 3269 affinitate
1238 3208 1656 3284 coniunctum,
1707 3227 1846 3268 cum
1867 3209 2144 3288 quinque
2181 3208 2510 3309 legionibus
2543 3211 2754 3287 mittit,

539 3313 664 3373 quo
693 3294 1029 3354 Robertum
1059 3302 1297 3373 cogeret
1319 3294 1386 3354 in
1412 3294 1702 3354 ordinem.
1743 3292 1910 3357 hunc
1937 3294 2186 3356 sdortns
2213 3295 2353 3356 ille
2332 3315 2466 3376 ipso
2495 3295 2753 3376 psscba-

539 3380 823 3441 tissesto
865 3380 962 3440 die
976 3422 998 3456 ,
1060 3399 1098 3439 a
1130 3380 1399 3441 Roberto
1439 3380 1823 3460 profligetur,
1880 3381 2063 3442 caesis
2089 3402 2218 3442 non
2252 3380 2458 3462 paud·
2495 3401 2574 3442 ex
2607 3382 2748 3457 suis,

538 3465 813 3546 pluribus
842 3475 1046 3526 tamen
1075 3468 1296 3566 ceptis,
1339 3486 1490 3545 quos
1513 3464 1939 3528 humanissime
1961 3476 2268 3542 trectstos,
2309 3486 2382 3527 sc
2399 3467 2750 3529 vulneribm

502 3579 519 3592 -
539 3551 767 3612 curetis
795 3552 961 3612 sbire
988 3552 1261 3631 permisit
1282 3552 1618 3629 Robertus,
1659 3552 1852 3613 missis
1876 3553 2106 3614 interea
2128 3553 2211 3613 acl
2237 3553 2557 3632 Diogenem
2585 3554 2749 3633 lega-

536 3637 635 3714 tis,
676 3637 781 3718 qui
807 3636 1108 3700 obiectum
1133 3638 1209 3698 de
1231 3638 1396 3699 illsts
1419 3659 1454 3698 s
1478 3658 1543 3699 se
1565 3597 1737 3699 ciade
1757 3639 2152 3700 molirentur
2175 3638 2418 3716 crimen,
2448 3649 2513 3700 et
2536 3657 2748 3700 eorum

530 3741 685 3803 qnae
722 3732 1125 3805 pei-petresset
1159 3724 1390 3786 invitus
1427 3725 1754 3806 impetrat·
1787 3726 1962 3788 venis
1979 3770 2000 3804 ,
2062 3725 2302 3787 fidelem
2333 3725 2402 3785 in
2435 3734 2747 3806 posterum

529 3827 791 3910 operam
800 3830 911 3871 suo
939 3810 1181 3872 nomine
1205 3811 1657 3892 pollicerentur.
1740 3810 1954 3872 lubens
1986 3812 2198 3873 snnuit
2233 3811 2560 3892 imperator
2596 3832 2750 3893 pro-

526 3904 668 3975 pter
692 3895 812 3957 viri
839 3896 1236 3974 nobilitatem,
1269 3898 1467 3977 inquit
1494 3898 1800 3978 Scylitzes,
1829 3907 1894 3958 et
1914 3907 2153 3979 partem
2179 3898 2246 3958 in
2275 3896 2443 3958 bellis
2473 3897 2747 3977 gloriam,

527 3979 1290 4134 ssffltzssffifflim
1302 3984 1564 4130 effi?
1619 3983 1788 4132 ¹¹⁸9?
1831 3983 2393 4131 ἜὼὲἓιἭῖἒξ
2426 3984 2752 4131 m

532 4152 816 4215 convenit
844 4154 1158 4236 Diogenem
1172 4199 1192 4234 ‚
1211 4091 1487 4218 ceterisp
1498 4091 1876 4219 inmArlffietiilia
1919 4156 2000 4218 sd
2024 4090 2504 4218 Mamogamum
2518 4199 2540 4233 ,
2582 4090 2750 4236 qiliod

532 4240 704 4322 prius
735 4250 1059 4322 occuparat
1087 4242 1405 4324 oppidum,
1442 4242 1691 4308 relictis.
1774 4241 1882 4304 sed
1908 4264 2056 4304 mox
2093 4263 2128 4302 s
2153 4241 2513 4323 quibusdam
2554 4261 2634 4303 ex
2671 4241 2746 4301 iis

532 4326 640 4405 qui
665 4326 917 4391 Roberti
947 4327 1365 4393 detrectabant
1390 4329 1739 4413 imperium,
1799 4348 2132 4413 persi-eque
2165 4328 2538 4408 abnuebant,
2579 4325 2742 4411 apud
