3064 4890
590 293 742 364 382
1258 289 1584 358 -CAROLI
1632 290 1755 356 DU
1804 287 2129 356 FRESNE

586 459 715 519 les
698 477 763 518 ιιι
783 455 946 519 Hist.
980 454 1213 517 Hieros.
1238 474 1301 534 p.
1331 458 1481 519 178·
1565 450 1720 513 dum
1741 450 1909 514 duae
1935 453 2214 513 mulieres
2230 454 2574 532 petrariam
2603 472 2795 512 unam

588 543 663 603 de
683 544 1245 623 nostrissascinars
1271 540 1510 618 vellent,
1539 539 1707 619 lapis
1735 541 2001 601 viriliter
2024 559 2314 599 excussus
2341 538 2620 598 mulieres
2648 560 2797 598 cae-⁴·—

587 633 892 690 minantes
918 649 1054 688 eum
1077 626 1280 686 trihus
1348 629 1510 686 ueris
1531 626 1752 686 allisit.

751 736 812 795 Ρ.
841 714 967 780 246
1001 734 1066 779 v,
1098 719 1204 780 21.
1304 713 1700 797 Ανδρονίκῳ]
1744 709 2182 791 Euphor‚beno
2241 708 2413 769 cuius
2447 728 2628 788 supra
2660 727 2792 770 me-

582 801 1054 966 ωἰηὴΡῗ2ἓὲ8ν.
1080 889 1140 949 3.
1231 881 1404 958 εἴτις
1435 904 1587 964 auso
1618 876 1968 969 α’φῄρηται]
2023 882 2115 941 Ita
2153 879 2460 940 Lachanas
2501 888 2795 979 occupato

579 971 745 1070 regni
772 970 1066 1049 Bulgarici
1099 968 1432 1029 diademate
1459 970 1683 1028 Mariae
1712 969 2089 1028 Constantini
2116 968 2266 1046 regis
2302 966 2523 1026 viduae
2555 975 2614 1025 et
2640 985 2700 1023 se
2723 967 2794 1025 in

577 1059 886 1136 coniugem
915 1064 975 1113 et
994 1075 1245 1134 regnum
1268 1056 1332 1114 in
1360 1055 1565 1114 dotem
1590 1054 1878 1131 offerenti,
1921 1053 2253 1134 respondit,
2291 1051 2544 1112 ridicule
2572 1051 2793 1126 offerri,

577 1142 743 1220 quod
775 1141 983 1202 maiori
1014 1161 1092 1201 ex
1125 1150 1297 1220 parte
1330 1141 1450 1199 iam
1489 1148 1750 1200 teneret.
1793 1136 2318 1240 διαθρυπτόμενος
2344 1133 2479 1202 οἷον
2510 1139 2566 1202 εἰ
2593 1133 2793 1217 ἀρχήν

576 1223 725 1292 ’ὅσον
749 1224 924 1291 ου’πω
953 1227 1329 1308 κτησαμένην
1361 1220 1529 1312 αυτῷ
1559 1221 1773 1312 σπάθῃ
1802 1224 1901 1288 καὶ
1930 1221 2187 1307 δυνάμει
2215 1226 2542 1309 κρείττονι,
2588 1223 2793 1305 ἐκείνη

580 1307 824 1393 φθάνοι
849 1315 1218 1395 χαρίζεσθαι.
1303 1290 1582 1390 Pachym.
1618 1312 1659 1371 l.
1686 1317 1726 1378 6
1755 1332 1805 1371 o.
1831 1314 1894 1375 7.

749 1418 811 1463 v.
841 1404 943 1467 19.
1028 1397 1415 1481 Δαλματίαν]
1461 1398 1754 1456 Dalmatia
1791 1398 2126 1474 maritima,
2174 1417 2353 1476 quam
2398 1406 2460 1455 et
2488 1395 2790 1454 Croatiam

580 1484 793 1544 Albam
814 1493 1138 1560 vocarunt,
1181 1498 1346 1564 reges
1374 1505 1513 1544 suos
1540 1503 1646 1544 seu
1669 1483 1988 1563 toparchas
2014 1486 2278 1562 agnovit,
2321 1483 2496 1561 longe
2522 1481 2789 1542 diversos

577 1591 615 1630 a
636 1570 936 1630 Servianis
977 1570 1374 1650 principibus,
1443 1590 1702 1649 quorum
1750 1572 1911 1648 regia
1963 1570 2080 1629 suit
2125 1569 2377 1645 Salona,
2436 1567 2800 1635 Diocletiani,

579 1656 834 1735 Augusti
876 1656 1174 1716 natalibus
1208 1656 1476 1718 illustris.
1582 1666 1763 1735 atque
1800 1664 1873 1715 ut
1911 1656 2181 1715 omittam
2225 1663 2450 1713 ceteros
2488 1653 2589 1731 qui
2623 1650 2802 1727 hisce,

577 1741 902 1822 provinciis
945 1742 1395 1821 imperitarunt,
1438 1741 1502 1800 in
1545 1760 1851 1821 praesens,
1896 1742 2061 1820 quod
2088 1741 2168 1799 ad
2194 1759 2324 1799 rem
2352 1750 2620 1800 nostram
2649 1757 2786 1818 spe-

578 1835 734 1903 ctat,
781 1826 1044 1886 arbitror
1086 1826 1530 1903 adnotandum,
1592 1827 1960 1887 Zolomirum
1995 1846 2101 1886 seu
2138 1827 2546 1903 Zuilimirum,
2618 1824 2789 1884 cuim

576 1912 847 1971 meminit
870 1912 1189 1991 Gregorius
1226 1912 1331 1972 Vll
1362 1932 1549 1992 papa,
1610 1912 1703 1971 uti
1733 1933 1768 1970 a
1799 1912 1970 1972 nobis
2009 1911 2089 1971 ad
2124 1912 2467 1972 Alexiadem
2495 1910 2788 1971 observa-

574 2006 709 2058 tum
729 2042 747 2074 ,
794 1998 1063 2057 Croatiae
1098 2008 1160 2057 et
1182 1998 1504 2056 Dalmatiae
1539 2017 1737 2076 regem
1767 2017 1892 2056 sese
1925 1997 2321 2076 inscripsisse,
2364 1998 2467 2076 qui
2503 1995 2693 2056 ducta
2724 1996 2790 2055 in

571 2103 827 2144 uxorem
856 2084 1026 2143 Belae
1054 2085 1080 2144 1
1109 2082 1444 2163 Hungariae
1475 2083 1629 2162 regis
1655 2083 1809 2158 filia,
1853 2082 2068 2143 Geizae
2096 2084 2150 2143 11
2181 2093 2241 2142 et
2271 2082 2550 2144 vladislai
2579 2101 2789 2163 regum

570 2190 808 2246 sorore,
852 2190 990 2230 cum
1019 2169 1185 2229 nulla
1217 2189 1295 2229 ex
1327 2188 1397 2228 ea
1427 2179 1761 2250 superesset
1790 2170 2020 2248 proles,
2068 2170 2327 2230 moriens
2353 2188 2604 2249 regnum
2638 2189 2788 2228 oon-

568 2255 692 2334 iugi
715 2255 974 2334 reliquit.
1058 2255 1163 2314 illa
1188 2255 1547 2336 provincias,
1587 2274 1734 2333 quas
1763 2254 2042 2315 Vladislai
2070 2256 2272 2315 fratris
2303 2256 2544 2315 auxiliis
2575 2264 2792 2315 contra

471 2392 480 2401 .
565 2338 770 2400 hostes
791 2351 993 2401 tutata
1018 2351 1179 2420 erat,
1222 2341 1415 2401 eidem
1445 2339 1832 2400 haereditatis
1868 2342 2002 2402 iure
2040 2351 2398 2402 testamento
2443 2341 2789 2421 assignavit.

569 2435 750 2507 atque
775 2427 920 2488 inde
936 2427 1211 2508 Ungarici
1231 2427 1396 2509 reges
1420 2427 1742 2487 Dalmatiae
1768 2436 1828 2486 et
1855 2428 2129 2489 Croatiae
2155 2427 2429 2490 dominos
2449 2427 2790 2489 identidem

566 2533 694 2573 sese
743 2515 1120 2595 appellarunt
1164 2523 1226 2573 et
1264 2514 1497 2574 easdem
1536 2514 1935 2594 possederunt
1974 2515 2348 2595 provincias,
2403 2534 2530 2575 non
2581 2525 2790 2574 tamen

567 2600 790 2678 absque
836 2600 1264 2662 controversia.
1391 2600 1613 2679 quippe
1657 2599 1866 2659 Veneti
1918 2602 2038 2660 iam
2082 2610 2222 2660 ante
2268 2601 2653 2661 Zuilimirum
2691 2602 2786 2661 ius

562 2685 629 2745 in
656 2686 966 2766 plerasque
1001 2686 1319 2747 Dalmatiae
1350 2687 1683 2746 maritimae
1716 2687 1895 2746 urbes
1920 2687 2031 2746 sibi
2056 2687 2463 2762 vindicabant,
2491 2707 2648 2765 quas
2672 2686 2784 2747 sub

559 2773 744 2831 Petro
772 2771 1018 2832 Urseolo
1044 2772 1197 2832 duce
1224 2772 1523 2832 Servianis
1554 2771 1927 2832 abstulerant
1956 2772 2348 2853 principibus.
2431 2792 2632 2851 neque
2661 2772 2783 2833 du-

564 2856 732 2916 bium
764 2865 854 2916 est
882 2858 1029 2936 quin
1054 2857 1323 2927 manuel,
1370 2858 1476 2936 qui
1511 2876 1583 2916 eo
1614 2877 1764 2918 aevo
1804 2877 1942 2917 cum
1975 2858 2215 2918 Venetis
2255 2857 2626 2935 simultates,
2670 2859 2778 2917 etsi

347 2941 395 2996 Ρ
425 2941 532 2998 482
565 2942 863 3017 occultas,
907 2944 1257 3023 exercebat,
1307 2944 1480 3002 Belae
1507 2962 1615 3002 seu
1638 2944 1830 3003 Alexii
1848 2988 1864 3019 ,
1904 2943 2007 3003 cui
2031 2944 2214 3004 filiam
2241 2943 2492 3004 Mariam
2517 2944 2777 3024 despon-

564 3028 763 3103 derat,
803 3027 968 3101 iura,
1010 3038 1084 3089 ιιι
1116 3030 1222 3109 qui
1258 3038 1412 3089 esset
1442 3029 1817 3108 Hungaricae
1857 3030 2059 3109 stirpis
2097 3031 2395 3111 princeps,
2438 3028 2521 3088 ad
2557 3029 2768 3090 bellum

563 3113 943 3174 inserendum
974 3113 1401 3195 praetenderit.
1486 3115 1602 3175 nisi
1626 3115 1793 3194 quod
1817 3115 1953 3176 vult
1970 3115 2331 3192 Cinnamus,
2367 3115 2591 3175 Belae'
2573 3115 2676 3195 ipsi
2701 3114 2766 3172 in

562 3198 953 3260 haereditatis
979 3211 1204 3261 sortem
1244 3219 1352 3262 seu
1376 3221 1411 3260 a
1438 3210 1647 3282 patre,
1690 3201 1823 3277 vel,
1868 3211 1941 3261 ut
1962 3201 2330 3281 probabilius
2360 3210 2470 3275 est,
2509 3221 2546 3259 a
2576 3203 2770 3277 stati-e,

564 3285 857 3364 assignata
897 3287 1082 3347 suerit
1120 3286 1442 3362 Dalmatia,
1506 3307 1687 3366 quam
1741 3286 1895 3347 idem
1940 3286 2217 3368 princeps
2256 3286 2601 3367 Hungariae
2639 3294 2776 3367 post

561 3370 713 3431 haec
730 3391 842 3432 rex
864 3372 1053 3433 factus
1068 3373 1364 3433 Amalrico
1391 3372 1518 3432 filio
1544 3372 1934 3452 primogenito
1958 3373 2209 3453 perinde
2236 3373 2551 3433 concessit.
2578 3372 2775 3452 Agunt

561 3458 738 3517 etiam
780 3457 857 3517 de
900 3457 1020 3518 hoc
1068 3459 1354 3519 Manuelis
1398 3459 1465 3518 in
1510 3458 1803 3518 Dalmatia
1858 3479 1996 3519 cum
2038 3459 2279 3519 Venetis
2318 3458 2477 3518 bello
2515 3457 2774 3518 Thomas

559 3541 1076 3605 Archidiaconus‘
1057 3567 1123 3605 ιιι
1146 3547 1295 3605 Hist.
1323 3544 1737 3605 Salonitanac.
1757 3551 1841 3613 20
1872 3549 1977 3626 22,
2017 3544 2342 3605 Sabellicus
2366 3555 2430 3605 et
2442 3543 2770 3634 Bonfinius.

559 3629 803 3690 consule
836 3629 1112 3692 Familias
1137 3641 1376 3692 nostras
1406 3630 1780 3691 Dalmaticss.

729 3735 791 3796 Ρ.
815 3716 943 3783 249
969 3737 1033 3778 v.
1056 3717 1120 3785 5.
1204 3714 1273 3780 το
1300 3717 1639 3792 Κατζικίων
1669 3713 1891 3795 ἔθνος]
1941 3715 2171 3776 canisi
2205 3716 2402 3787 forte,
2452 3716 2532 3775 de
2558 3713 2768 3795 quibus

556 3800 817 3861 Thomas
844 3801 1092 3863 Archid.
1121 3823 1172 3862 c.
1199 3807 1313 3877 22,
1357 3803 1463 3880 qui
1496 3802 1736 3861 Canidi
1774 3802 1840 3861 in
1882 3801 2076 3863 veteri
2127 3802 2452 3883 diplomate
2484 3801 2766 3862 dicuntia·

556 3885 720 3966 apud
752 3886 838 3946 Io.
867 3888 1118 3948 Lucium
1145 3889 1185 3952 l.
1218 3891 1263 3955 3
1287 3887 1442 3948 Hist.
1470 3887 1780 3948 Dalmatio.
1807 3906 1860 3947 c.
1898 3891 1977 3951 10
2004 3906 2065 3966 p.
2089 3892 2233 3955 182.
2291 3888 2546 3948 fuerunt
2570 3895 2762 3946 autem

557 3971 788 4031 Gazetti
828 3972 955 4034 sive
1008 3974 1219 4035 Casicli
1259 3993 1382 4034 una
1420 3993 1454 4033 e
1498 3978 1583 4040 12
1635 3972 1915 4034 tribubus
1942 3972 2326 4034 croatorum.
2410 3992 2473 4036 v.
2517 3970 2756 4033 eundem

555 4058 806 4143 Lucium
831 4057 873 4120 1.
901 4058 944 4124 4
973 4079 1027 4122 c.
1059 4059 1101 4124 4
1125 4066 1190 4127 6

723 4163 785 4203 v.
814 4146 874 4207 6.
960 4140 1045 4226 ἢν
1075 4139 1508 4225 Διοκλητιανος
1535 4153 1650 4208 etc.
1666 4143 1691 4225 ]
1737 4143 1809 4206 V.
1838 4144 2149 4210 Constant.
2176 4142 2400 4227 Porph.
2427 4151 2489 4205 et
2513 4140 2750 4205 eundem

555 4226 706 4290 Tho.
732 4226 980 4290 Archid.
1012 4230 1079 4289 in
1107 4230 1265 4291 Hist.
1289 4230 1490 4291 Salon.
1519 4249 1571 4289 c.
1589 4233 1663 4308 4.

722 4312 871 4375 ibid.
960 4311 1262 4396 Κάρδων]
1298 4315 1491 4395 Vulgo
1522 4312 1860 4377 Scardona.
