3064 4890
494 365 585 433 [N
613 365 1075 434 NICPEHORI
1094 364 1499 433 BRYENNII
1524 364 1964 436 COMMENT.
1987 369 2290 438 NOTAE.
2390 372 2539 446 219

352 552 569 592 nomen
592 540 651 590 et
673 529 879 591 titulos
907 529 1110 609 prodit
1132 528 1384 588 Allatins
1406 529 1450 592 l.
1466 534 1506 594 3
1531 528 1608 590 de
1634 529 1789 590 Eccl.
1805 531 2008 593 Occid.
2036 542 2092 592 et
2109 535 2338 601 Orient.
2368 558 2538 620 perp.

354 635 617 676 consens.
648 637 698 680 c.
729 619 788 678 8.
875 615 950 674 de
979 614 1218 693 Abasgis
1244 624 1306 673 et
1329 613 1531 673 Alanis
1553 616 1742 675 multa
1766 614 1947 677 habet
1970 619 2291 702 Procopius
2317 624 2357 684 1.
2387 629 2430 691 2
2460 625 2535 685 de
2567 630 2613 686 P
2646 633 2750 691 210

353 698 514 763 Bello
549 703 707 764 Pers.
735 721 784 761 c.
813 703 913 766 29.
998 721 1059 761 v.
1090 709 1218 759 not.
1246 699 1322 759 ad
1355 699 1619 760 Alexiad.
1651 720 1714 779 p.
1741 706 1886 769 898.

521 807 583 866 p.
613 788 697 853 58
728 806 787 850 v,
822 789 927 848 22.
1014 783 1053 848 d
1097 780 1373 867 Φρᾶγγος
1421 778 1781 868 Οὕρσέλιος]
1827 788 1993 850 Inter
2030 792 2362 867 praeclaros
2401 793 2537 854 illos

352 871 777 931 Normannicos
820 869 1032 943 duces,
1099 872 1203 948 qui
1234 889 1310 928 ex
1337 868 1546 945 Italia,
1609 871 1711 931 ubi
1749 891 1872 931 non
1909 876 2203 934 modicam
2247 894 2322 934 ex
2358 878 2538 938 rebus

350 957 507 1017 bello
546 956 721 1034 gestis
748 955 987 1014 laudem
1030 955 1139 1013 sibi
1172 964 1624 1033 compararunt,
1667 958 1914 1035 profecti
1951 960 2015 1018 in
2061 960 2374 1021 Thraciam
2415 963 2537 1042 By-

352 1043 725 1101 zantinorum
761 1041 1098 1119 principum
1143 1041 1324 1120 copiis
1354 1058 1477 1098 sese
1516 1040 1952 1117 adiunxerunt,
1996 1046 2374 1126 praecipuam
2398 1066 2538 1107 cum

353 1127 616 1187 Roberto
645 1126 942 1203 Crispino,
988 1126 1154 1185 cuius
1178 1125 1428 1204 elogium
1453 1145 1600 1185 mox
1626 1127 2112 1205 perstrinximus,
2157 1132 2538 1190 commenda-

353 1213 577 1270 tionem
612 1220 877 1270 meretur
918 1210 1206 1269 Ursellas.
1251 1220 1315 1270 at
1342 1230 1474 1269 cum
1501 1230 1710 1288 nemo,
1754 1213 1918 1289 quod
1944 1214 2154 1288 sciam,
2197 1235 2273 1275 ex
2296 1226 2538 1276 nostra-

355 1297 512 1356 tibus
538 1294 832 1355 historicis
860 1305 984 1355 tam
1009 1295 1413 1376 praecellentis
1443 1296 1561 1355 viri
1594 1298 1974 1375 praeconium
2008 1300 2301 1382 attigerit,
2345 1301 2449 1360 sed
2480 1308 2540 1362 et

356 1400 434 1442 ne
462 1381 619 1440 illius
649 1381 982 1440 meminerit
1005 1381 1271 1459 quidem,
1327 1398 1455 1440 rem
1485 1381 1646 1440 forte
1670 1380 1854 1441 haud'
1876 1383 2261 1445 iniucundum
2294 1385 2540 1446 lectori-

354 1467 470 1526 bus
503 1467 801 1526 facturum
844 1486 940 1525 me
991 1466 1284 1541 arbitror,
1338 1466 1387 1524 si
1417 1466 1581 1543 quod
1615 1467 1679 1525 in
1711 1467 1979 1546 Crispino
2003 1470 2309 1547 praestiti,
2368 1480 2542 1530 extra

340 1550 865 1612 'commentationis
893 1559 1079 1610 metas
1112 1551 1420 1631 paululum
1446 1550 1760 1630 digrediar,
1797 1562 1859 1611 et
1891 1572 2064 1630 quem
2086 1555 2262 1614 laude
2289 1575 2396 1615 sua
2419 1576 2543 1615 non

354 1636 635 1697 frustrari
663 1638 910 1695 interest
933 1636 1253 1713 Ursellum,
1310 1636 1808 1715 splendidissimae
1834 1638 2085 1697 familiae
2113 1658 2283 1714 suae,
2328 1641 2542 1700 etiam-

356 1741 504 1782 num
549 1721 881 1801 superstiti,
950 1722 1133 1800 gentis
1186 1729 1485 1780 auctorem
1537 1720 1825 1781 hactenus
1867 1723 1976 1782 vix
2016 1733 2230 1784 notum
2266 1744 2539 1791 asseram.

356 1806 618 1867 Ursellus
676 1826 810 1881 seu,
867 1815 939 1864 ut
994 1806 1326 1885 Bryennius
1374 1815 1436 1864 et
1472 1808 1644 1865 Anna
1684 1806 1962 1885 efflarunt,
2016 1809 2276 1869 Urselius
2292 1853 2309 1884 ,
2364 1828 2542 1888 quem

356 1910 667 1972 perperam
689 1890 972 1971 Scylitzes
995 1900 1054 1950 et
1080 1892 1340 1950 Zonaras
1368 1891 1703 1950 Russelium
1736 1904 2114 1971 nuncupant,
2158 1895 2373 1954 illustri
2399 1895 2542 1973 Bal:-

356 1978 638 2038 liolorum
684 1976 903 2035 familia
952 1976 1276 2054 oriundus,
1333 1996 1469 2035 cum
1518 1977 1788 2036 Roberto
1836 1977 2162 2038 Guiscardo
2219 1980 2546 2058 ceterisque

361 2061 650 2121 Tancredi
685 2060 821 2121 filiis
860 2060 924 2119 in
968 2062 1242 2142 Apuliam
1279 2061 1609 2139 profectus,
1663 2062 1981 2140 Rogerium
2029 2065 2374 2143 praesertim
2412 2066 2545 2125 Ro-

360 2148 517 2207 berti
544 2148 791 2206 fratrem
828 2145 896 2204 in
934 2156 1207 2227 suscepta
1234 2145 1307 2203 ab
1333 2147 1437 2205 illo
1462 2155 1669 2205 contra
1691 2149 2013 2205 Saracenos
2038 2148 2265 2208 Siculos
2295 2149 2543 2229 expedi-

360 2234 528 2292 tione
571 2240 808 2291 secutus
844 2238 950 2293 est.
1035 2232 1098 2290 in
1127 2238 1493 2309 qua'tantam
1521 2249 1598 2288 ex
1627 2231 1715 2288 rei
1746 2230 2012 2289 militaris
2041 2233 2252 2309 peritia
2276 2242 2338 2292 et
2362 2233 2542 2293 animi

361 2316 764 2397 magnitudine
788 2315 1038 2393 adeptus
1069 2324 1159 2374 est
1181 2314 1706 2388 existimationem,
1746 2323 1814 2373 ut
1841 2316 2259 2390 victoriarum,
2294 2336 2440 2394 quas
2472 2319 2544 2377 iis

360 2405 426 2464 in
445 2402 610 2463 bellis
631 2401 928 2461 consecuti
958 2408 1099 2460 sunt
1110 2399 1162 2459 N
1165 2400 1451 2475 ermanni,
1472 2400 1715 2478 gloriam
1739 2399 1825 2459 illi
1853 2400 2148 2461 adscribat
2166 2403 2545 2484 praecipuam

364 2487 698 2548 Gaufredus
741 2487 1087 2561 Malaterra,
1146 2486 1400 2564 scriptor
1436 2494 1815 2563 coaetaneus,
1849 2486 1890 2545 1.
1934 2492 1966 2550 1
2010 2506 2063 2553 c.
2103 2491 2217 2562 38,
2261 2490 2363 2565 qui
2399 2489 2545 2547 illu-

363 2583 487 2633 stre
522 2573 641 2633 hoc
671 2580 977 2652 praeterea
1019 2571 1199 2629 animi
1228 2579 1289 2629 et
1310 2572 1711 2649 generositatis
1739 2571 2030 2649 specimen
2057 2571 2119 2629 in
2147 2571 2373 2632 Ursello
2399 2592 2546 2651 pro-
2650 2561 2659 2572 ’

366 2659 474 2719 dit.
554 2657 748 2717 tradit
796 2657 1010 2735 quippe
1042 2656 1292 2734 Rogerio
1341 2656 1503 2715 susos
1543 2665 1606 2714 et
1644 2655 1865 2714 deletos
1906 2675 1941 2713 a
1976 2656 2217 2715 Serlone
2252 2676 2329 2716 ex
2361 2659 2546 2719 fratre

364 2753 580 2824 nepote
614 2742 814 2802 hostes
842 2742 1127 2801 incessere
1159 2739 1499 2817 cunctanti,
1567 2758 1644 2800 ne
1689 2740 1835 2818 quid
1872 2741 2246 2819 persequenti
2288 2742 2547 2802 deterius

367 2829 696 2904 accideret,
733 2827 920 2906 partis
959 2835 1239 2885 contento
1278 2826 1564 2904 tropaeis,
1606 2827 2064 2884 interminatum
2087 2828 2303 2904 fuisse
2341 2828 2546 2885 Urcel-

366 2915 501 2973 lum
527 2912 602 2972 de
619 2913 894 2990 Baillol,
955 2934 1019 2970 se
1057 2927 1372 2991 nunquam
1399 2912 1497 2968 vel
1519 2909 1610 2968 ibi
1638 2911 1737 2968 vel
1761 2912 1925 2970 alias
1953 2910 2075 2969 sibi
2101 2912 2406 2970 auxilium
2434 2913 2547 2970 la·-

366 3010 609 3074 turum,
651 3000 776 3056 nisi
803 3007 1097 3055 certamen
1125 3017 1261 3055 cum
1282 2996 1562 3054 hostibus
1592 2995 1796 3056 iniret.
1871 3015 1989 3074 qua
2030 2997 2231 3055 valida
2271 2997 2546 3056 incensus

368 3083 783 3143 adhortatione
836 3083 1154 3161 Rogerius,
1212 3081 1471 3140 animum
1515 3098 1833 3156 revocans,
1891 3101 2027 3140 cum
2054 3082 2296 3142 Serlone
2330 3091 2549 3161 nepote

367 3169 711 3246 Urselloque
765 3175 828 3226 et
877 3167 1146 3245 Arisgoto
1204 3166 1278 3224 de
1323 3165 1576 3225 Puteolis
1608 3166 1671 3224 in
1714 3165 1912 3225 hostes
1948 3167 2185 3225 sortiter
2220 3165 2570 3246 invehitur„

368 3264 432 3313 at
456 3253 717 3313 Ursellus
754 3271 889 3311 cum
936 3271 1071 3311 suos
1105 3269 1246 3330 prae
1271 3252 1451 3310 nimia
1486 3250 1726 3310 illorum
1758 3250 2139 3310 multitudine
2171 3251 2548 3310 cunctabun-

368 3338 477 3398 dos
520 3347 579 3397 et
623 3337 796 3396 solito
835 3337 1193 3396 remissiores
1216 3329 1517 3411 cerneret,
1566 3337 1688 3396 acri
1724 3345 1784 3395 et
1814 3335 2018 3397 vivida
2046 3335 2377 3396 inflammat
2405 3356 2547 3395 ora-

369 3424 533 3483 tione
573 3423 986 3500 accenditque,
1041 3425 1101 3480 et
1138 3422 1443 3481 commisso
1479 3421 1704 3500 praelio
1746 3423 2067 3480 Saracenos
2111 3422 2346 3500 penitus
2391 3419 2550 3482 delet

369 3517 433 3568 et
460 3508 753 3587 profligat.
843 3515 1004 3586 gesta
1029 3506 1177 3566 haec
1200 3507 1378 3566 fuisse
1403 3506 1513 3565 sub
1542 3507 1611 3566 A.
1639 3510 1803 3571 1069
1830 3513 2042 3565 auctor
2070 3515 2160 3564 est
2189 3505 2546 3583 Gaufredus,

370 3593 469 3653 cui
504 3614 628 3653 non
670 3593 949 3652 debemus
985 3592 1163 3652 modo
1202 3591 1692 3670 praestantissimi
1737 3591 1853 3651 viri
1887 3591 2174 3667 nominis,
2232 3591 2338 3651 sed
2373 3593 2548 3651 etiam

371 3687 702 3738 ceterarum
737 3677 1031 3758 praeclare
1067 3680 1142 3740 ab
1185 3677 1286 3736 illo
1328 3677 1393 3735 in
1426 3677 1672 3735 Graecia
1715 3685 1980 3736 actarum
2019 3694 2222 3735 rerum
2253 3684 2549 3735 servatam

371 3763 729 3823 memoriam.
815 3762 922 3822 vix
958 3764 1114 3821 enim
1150 3762 1361 3822 Urselli
1395 3761 1736 3820 Graecanici
1770 3769 1927 3840 gesta
1973 3761 2260 3820 curiosius
2299 3761 2550 3821 investi-

370 3848 549 3926 gandi
579 3846 903 3926 cupiditate
932 3857 1297 3921 teneremur,
1346 3848 1459 3905 nisi
1500 3847 1777 3906 familiam
1810 3855 1871 3906 et
1896 3864 2111 3905 nomen
2147 3845 2329 3923 digito
2356 3845 2576 3906 veluti‘

370 3933 688 3992 indicasset
708 3933 1059 3993 Gausredus.
1141 3931 1402 3991 Ursellus
1435 3932 1615 4010 igitur
1651 3931 1885 4003 iisdem,
1929 3940 1999 3989 ut
2026 3951 2137 4010 par
2172 3940 2260 3990 est
2288 3930 2548 4007 credere,

373 4017 451 4076 de
474 4019 691 4093 causis,
743 4017 958 4096 quibus
980 4017 1314 4096 Crispinus,
1357 4016 1595 4075 dimissa
1631 4016 1839 4093 Apulia
1883 4016 2222 4094 relictisque
2261 4015 2551 4076 Tancredi

370 4103 600 4176 liberis,
641 4106 742 4181 qui
764 4103 933 4162 sociis
955 4104 1315 4183 potentiores
1336 4100 1555 4179 effecti,
1615 4100 1869 4160 ditiones
1900 4119 2130 4176 omnes,
2174 4101 2350 4160 armis
2385 4119 2552 4160 com-

373 4188 655 4247 munibus
685 4188 1004 4264 quaesitas,
1060 4188 1166 4246 sibi
1189 4188 1327 4246 solis
1352 4187 1739 4265 arrogabant,
1780 4186 1842 4245 in
1876 4185 2187 4245 Thraciam
2225 4184 2302 4245 ad
2327 4187 2553 4245 Roma·
2625 4185 2634 4196 '

372 4293 520 4332 num
558 4272 870 4351 Diogenem
916 4272 1330 4350 imperatorem
1372 4273 1612 4332 transiit
1652 4271 2037 4351 Crispinoque
2088 4291 2236 4338 sese.
2276 4269 2557 4330 adiunxit

370 4357 495 4419 illic
540 4356 820 4419 militanti
873 4366 934 4419 et
986 4358 1226 4421 Graecis
1273 4356 1525 4418 merenti
1579 4356 1692 4418 sub
1731 4354 1802 4418 A.
1837 4355 1982 4421 Chr.
2031 4361 2195 4426 1069
2236 4364 2344 4417 aut
2392 4357 2557 4423 1070
