3064 4890
627 297 779 374 3⁷6
1313 296 1626 365 CAROLI
1675 298 1798 364 DU
1847 297 2169 365 FRESNE

625 462 823 526 sedem
851 460 1096 544 pridem
1128 462 1487 522 habuissent
1500 506 1522 539 ‚
1566 463 1677 542 qui
1714 472 1771 522 et
1793 460 2085 542 Augusti
2113 460 2490 524 vocabantur.
2564 465 2627 522 in
2642 484 2765 542 pro-

535 605 540 612 .
615 554 770 634 pria
815 550 1050 611 Christi
1087 551 1448 609 nativitatis
1485 549 1868 608 solemnitate
1915 548 2173 610 Carolus
2212 570 2347 609 cum
2383 553 2770 609 consecratione

625 659 842 698 nomen
868 635 1153 718 Augusti
1181 637 1627 716 imperiumque
1653 655 1696 692 a
1716 655 1890 715 papa
1919 636 2116 694 Leone
2143 638 2419 716 suscepit.
2466 656 2529 694 ex
2551 635 2654 693 hoc
2671 638 2772 715 igi-

627 735 735 784 tur
770 733 1034 802 tempore
1081 722 1462 783 Graecorum
1510 723 1764 800 imperio
1819 718 1996 798 apud
2043 719 2416 782 Occidentem
2456 732 2774 781 evanescente

415 815 461 871 1³
493 815 598 872 477
627 811 845 871 nomen
874 805 1062 867 rediit
1093 809 1485 887 imperatoris
1524 804 1618 866 ad
1648 803 1952 886 quasdam
1967 817 2183 886 partes
2218 804 2570 884 Occidentis,
2594 827 2653 865 ex
2678 828 2774 886 quo

627 892 933 978 quaedam
957 895 1231 953 Romani
1257 895 1502 974 imperii
1518 896 1706 971 facta
1731 903 1820 951 est
1847 894 2154 973 confusio,
2180 890 2331 954 dum
2352 889 2581 952 duobus
2606 913 2781 951 nomm

626 1001 823 1044 unum
864 980 1203 1040 tenentibus
1241 977 1467 1040 divisio
1509 979 1736 1048 minuit
1763 989 2160 1058 potestatem;
2209 991 2266 1038 et
2297 982 2458 1038 sicut
2487 999 2527 1036 a
2550 978 2663 1036 solo
2689 975 2775 1035 deo

630 1069 1012 1130 Graecorum
1023 1064 1250 1146 pendet
1277 1066 1603 1146 imperium
1618 1111 1641 1141 ,
1681 1066 1776 1123 ita
1796 1085 1842 1124 a
1870 1061 2007 1124 sede
2037 1066 2325 1126 Romana
2354 1062 2674 1126 Occidentis
2692 1083 2779 1121 as-

624 1156 774 1213 serit
792 1149 1054 1232 pendere
1080 1154 1423 1230 imperium.
1507 1170 1637 1210 ecce
1658 1160 1864 1209 tamen
1887 1172 2054 1211 nova
2082 1162 2138 1209 et
2162 1152 2465 1211 inusitata
2486 1159 2781 1208 commta-

625 1242 791 1300 tione
795 1235 1012 1322 facit,
1056 1248 1126 1298 ut
1143 1258 1323 1318 papa
1349 1235 1519 1296 solus
1548 1238 1825 1316 insignia
1837 1238 2016 1313 ferat
2041 1236 2396 1316 inquerialia
2423 1246 2476 1295 et
2504 1237 2781 1314 imperator

626 1326 956 1387 Romanus
975 1344 1191 1384 nomen
1217 1322 1534 1403 imperiale
1557 1332 1756 1381 teneat
1778 1322 1893 1382 sub
1920 1323 2297 1402 vulgaribus
2328 1322 2583 1382 aliorum
2611 1339 2783 1400 regum

626 1409 999 1490 insignibus.
1077 1430 1255 1489 papa
1299 1406 1622 1468 dominum
1662 1406 1835 1467 urbis
1877 1428 1953 1468 ac
1993 1409 2339 1488 imperialis
2373 1405 2528 1466 sedis
2560 1428 2616 1464 se
2636 1425 2781 1464 mon-

628 1506 791 1556 strat
822 1506 878 1554 et
921 1498 1253 1575 imperator
1275 1494 1391 1553 sub
1424 1497 1666 1566 nom-ine
1695 1490 2133 1556 dominationis
2152 1515 2363 1575 papae
2384 1495 2640 1552 minister
2664 1488 2786 1549 dici-

629 1593 738 1642 tur
781 1592 838 1640 et
878 1583 947 1641 in
988 1579 1427 1662 temporalibus
1453 1580 1877 1659 apostolorum
1900 1592 2207 1640 exsecutor
2222 1603 2243 1639 .-
2300 1579 2405 1639 Izic
2430 1579 2531 1638 ille
2557 1578 2787 1636 vicarius

636 1667 873 1732 Christi
899 1678 956 1725 et
983 1667 1405 1746 apostolorum
1430 1687 1743 1725 successor
1767 1679 2042 1726 vocatur.
2126 1687 2260 1725 ecce
2287 1686 2472 1747 quam
2494 1663 2685 1744 inseiis
2704 1682 2788 1720 ur·

632 1754 728 1813 bis
744 1754 1123 1832 permutatio
1139 1797 1157 1828 ,
1202 1773 1359 1831 quae
1387 1753 1505 1810 sub
1530 1755 1790 1828 unitate,
1835 1763 1909 1811 ut
1936 1750 2091 1811 dicit
2107 1772 2290 1832 papa
2306 1796 2327 1830 ,
2377 1749 2622 1811 dominii
2657 1745 2789 1805 duo·

627 1838 742 1914 bus
766 1841 987 1897 servire
1015 1835 1286 1912 dicatur,
1315 1839 1429 1895 uni
1456 1858 1526 1895 ex
1554 1858 1798 1913 corona,
1847 1837 2033 1896 alteri
2059 1859 2129 1896 ex
2154 1839 2452 1917 potentia.
2531 1854 2715 1896 verum
2736 1834 2788 1889 in

625 1924 743 1985 hoc
782 1926 1083 2002 antiquae
1127 1922 1478 1984 nobilitatis
1502 1919 1867 1982 recordatur
1895 1922 2255 2004 ffritatem
2270 1969 2288 1999 ,
2333 1919 2500 2003 quod
2520 1924 2790 1998 utriusque

629 2007 869 2069 domini
903 2011 1111 2069 Roma
1153 2018 1486 2088 utrumque
1519 2005 1839 2066 dominum
1871 2011 2184 2083 nominat,
2242 2031 2383 2069 cum
2412 2029 2524 2087 pro
2551 2027 2685 2065 suae
2707 2023 2789 2064 νο-

630 2097 893 2159 luntatis
919 2093 1180 2153 arbitrio
1205 2096 1348 2172 ipsa
1372 2096 1625 2173 utrique
1648 2091 1991 2153 dominetur
2006 2140 2026 2171 ,
2072 2097 2325 2175 utrique
2350 2094 2619 2172 molesta,
2659 2090 2789 2151 utri·

630 2203 748 2263 que
773 2183 1116 2255 cervicosa,
1159 2189 1444 2239 neutrum
1470 2179 1662 2260 sugit
1702 2190 1758 2238 et
1791 2190 2119 2261 utrumque
2134 2184 2335 2260 parvi
2353 2178 2577 2260 pendit.
2650 2169 2792 2255 apud

618 2269 934 2349 principes
960 2267 1366 2327 Alemanniae
1392 2267 1781 2346 imperatoris
1806 2278 1893 2324 est
1920 2265 2129 2325 electio
2145 2311 2165 2341 ,
2211 2264 2391 2346 apud
2407 2284 2630 2346 papam
2656 2259 2793 2320 electi

629 2353 1012 2434 confirmatio
1041 2363 1096 2411 et
1122 2352 1516 2426 consecratio,
1551 2361 1607 2410 et
1633 2372 1794 2410 nova
1822 2349 2185 2412 discretione
2203 2355 2533 2433 imperator
2556 2349 2791 2410 nomina-

630 2450 736 2501 tur
767 2450 839 2499 ut
865 2436 1174 2514 dominus,
1216 2449 1606 2498 consecratur
1639 2449 1709 2497 ut
1740 2460 1866 2498 non
1896 2435 2188 2499 dominus
2203 2465 2222 2500 .-
2263 2460 2472 2519 nempe
2495 2430 2796 2517 inperialia

627 2547 754 2588 non
779 2529 1010 2606 accipit
1035 2527 1346 2605 insignia,
1390 2545 1549 2604 quae
1572 2524 1695 2583 sibi
1720 2526 1842 2584 soli
1859 2546 2043 2605 papa
2068 2526 2306 2585 collata
2334 2532 2636 2585 conservat
2660 2531 2709 2579 et
2726 2511 2798 2575 od

629 2613 831 2672 altare
855 2610 1167 2671 modicum
1197 2615 1266 2670 in
1293 2609 1501 2670 dextro
1532 2611 1719 2669 latere
1746 2611 2044 2670 basilicae
2080 2615 2290 2671 sancti
2322 2612 2495 2675 Petri
2525 2623 2794 2668 consecra·

630 2708 737 2758 tur
764 2719 809 2756 a
833 2698 962 2757 solo
983 2719 1159 2779 papa
1175 2740 1196 2771 ,
1240 2717 1383 2755 cum
1410 2718 1440 2756 e
1470 2692 1708 2757 diverso
1729 2718 1903 2777 papa
1931 2699 2323 2776 imperatoris
2346 2697 2615 2777 insignia
2634 2697 2795 2751 teneat

632 2795 690 2842 et
732 2782 823 2842 ad
860 2783 1061 2842 altare
1099 2793 1345 2842 tantum
1386 2785 1593 2840 sancti
1620 2784 1794 2841 Petri
1837 2785 2254 2842 inunctionem
2292 2785 2611 2863 suscipiat.
2678 2793 2795 2836 sam

637 2867 1360 2947 Constantinopolitanae
1390 2869 1739 2947 imperator,
1771 2866 1909 2927 sede
1930 2879 2200 2946 mutata,
2230 2890 2357 2929 non
2382 2867 2681 2950 digm‘tate,
2704 2879 2796 2921 81¹⁰

633 2956 788 3029 iure,
815 2973 939 3011 non
957 2954 1181 3032 papali
1207 2952 1485 3032 beneficio
1520 2954 1875 3031 imperialia
1895 2965 2099 3033 gestat
2122 2957 2407 3035 insignia
2434 2966 2488 3012 et
2510 2953 2664 3013 velut
2674 2966 2797 3028 pro·

614 3040 815 3119 fusae
857 3038 1217 3118 largitionis
1255 3036 1520 3099 donator
1567 3036 1964 3099 donatarium
2018 3061 2201 3099 suum
2243 3061 2557 3100 summum
2584 3030 2793 3118 pontifi·

632 3145 758 3183 cem
778 3145 900 3183 non
925 3136 1135 3187 evocat
1155 3126 1224 3183 in
1250 3122 1643 3184 adiutorium
1666 3123 1837 3185 domi
1863 3124 2092 3186 habens
2119 3147 2276 3185 suae
2301 3124 2624 3205 dignitatis
2632 3118 2791 3201 plem-

633 3208 925 3270 tudinem.
1009 3231 1220 3271 verum
1245 3208 1320 3269 de
1348 3210 1465 3269 hoc
1497 3214 1806 3290 querelam
1816 3211 2036 3291 facere
2058 3217 2264 3291 potest
2296 3212 2590 3271 adversus
2612 3201 2794 3282 baufi·

634 3298 872 3355 ciatum
889 3339 910 3373 ,
966 3293 1140 3376 quod
1177 3316 1318 3354 cum
1343 3317 1413 3354 ex
1446 3296 1838 3356 Constantini
1869 3298 2148 3378 beneficio
2178 3301 2540 3357 immensam
2564 3290 2797 3370 recepm'ss

633 3403 775 3443 cum
802 3383 1119 3463 singulari
1145 3381 1370 3441 honore
1403 3379 1794 3442 donationem
1824 3385 2103 3464 principi
2133 3384 2258 3443 soli
2289 3382 2557 3442 debitam
2579 3399 2688 3441 non
2711 3371 2798 3432 dt·

634 3468 771 3529 buit
796 3489 1130 3547 usurpare,
1170 3478 1238 3531 ut
1264 3467 1383 3526 alii
1417 3469 1712 3548 confirret
1741 3468 2030 3549 Augusti
2056 3470 2547 3549 appellationem.
2624 3475 2674 3522 ei
2699 3459 2800 3519 1ώῖ

632 3576 703 3614 os
739 3551 976 3613 viderer
1012 3555 1080 3613 in
1122 3553 1364 3612 caelum
1388 3575 1631 3633 ponere,
1676 3566 2021 3613 constanter
2056 3553 2334 3635 dicerem,
2375 3566 2493 3613 aut
2526 3549 2799 3632 imperium

629 3642 897 3700 Romam
913 3661 1047 3718 ‚non
1067 3661 1256 3720 posse.
1275 3643 1552 3700 cuiusvis
1575 3642 1963 3721 imperatoris
1992 3642 2328 3720 largitione
2359 3661 2562 3700 exuere
2576 3683 2591 3713 ,
2632 3642 2731 3693 aut
2754 3629 2801 3687 εἰ

622 3727 835 3807 potuit
869 3728 966 3785 vis
1001 3728 1243 3806 imperii
1270 3727 1338 3784 in
1369 3727 1720 3806 pontificem
1749 3738 2003 3803 mutare,
2036 3748 2158 3786 non
2188 3730 2407 3805 potuit
2428 3728 2497 3784 in
2526 3716 2799 3783 donatoris

621 3809 1088 3892 praeiudicium
1110 3808 1481 3870 donatarius
1505 3812 1787 3891 Augusti
1811 3834 2026 3871 nomen
2040 3859 2059 3888 ‚
2119 3808 2294 3891 quod
2322 3815 2455 3891 ipse
2481 3830 2599 3870 non
2621 3801 2801 3865 lmhuil

625 3896 753 3956 alii
778 3899 1063 3974 conferre.
1144 3918 1329 3976 porro
1361 3899 1697 3977 quiescente
1724 3901 2096 3958 contentione
2138 3909 2268 3956 tute
2308 3896 2552 3957 videtur
2575 3891 2738 3961 deus,
2771 3904 2798 3941 ⁰

626 3982 912 4061 princeps
947 3984 1382 4058 sacratissime,
1424 3986 1642 4043 veteris
1676 3984 2020 4062 imperialis
2049 3981 2385 4064 dignitatis
2399 3974 2800 4060 plenitudino·

630 4067 930 4146 conflasse
944 4111 963 4143 ‚
1022 4066 1178 4127 dum
1215 4089 1284 4127 ex
1312 4090 1527 4148 genere
1564 4068 1864 4129 oriundus
1892 4071 2203 4149 imperiali
2229 4066 2504 4148 duplicis
2536 4058 2800 4124 electionis

627 4162 685 4210 et
714 4152 973 4232 papalis
1010 4154 1498 4233 confirmationis
1524 4156 1750 4214 stolam
1780 4158 2093 4231 meruisti,
2136 4153 2451 4235 dignoque
2479 4149 2577 4211 dei
2600 4140 2798 4209 iudicio

625 4238 955 4297 restitutus
997 4239 1068 4297 in
1105 4260 1364 4320 regnum
1392 4239 1506 4299 sub
1543 4244 1678 4300 eius
1706 4242 2109 4321 acquisitione
2130 4237 2474 4321 pugnando
2500 4234 2611 4295 diu
2632 4225 2801 4293 vacil-

624 4321 870 4385 lamus
900 4333 959 4383 et
981 4320 1250 4402 bostem,
1307 4328 1437 4385 sine
1468 4336 1578 4386 tuo
1610 4328 1903 4400 consilio,
1951 4348 2021 4387 ex
2055 4327 2257 4388 alimo
2289 4322 2434 4389 dolo
2460 4326 2803 4405 prostran-
