3064 4890
546 299 697 373 208
1228 292 1543 367 CAROLI
1591 297 1715 365 DU
1764 296 2092 366 ΕΒΗ-ΘΝΕ

546 466 744 529 cernit
758 508 778 539 ‚
820 468 1024 525 censet
1047 460 1210 524 idem
1234 462 1528 527 Vaterius.
1614 462 1781 543 quod
1811 462 2120 544 perspicue
2144 462 2324 524 etiam
2347 461 2543 523 tradit
2563 460 2762 523 Aelia·-

547 552 689 616 med
719 549 1012 630 Guerapsi
1037 549 1107 611 F.
1132 550 1198 610 in
1230 549 1481 610 Temiris
1507 548 1775 610 Historia
1800 549 1843 611 1.
1874 554 1906 613 1
1943 569 2002 609 n.
2032 549 2107 626 5,
2150 548 2297 610 dum
2325 547 2413 608 ait
2439 548 2765 622 Hemna-

494 710 503 721 ,
546 639 733 701 harae
771 637 1060 717 populos,
1117 654 1262 716 prae
1303 635 1589 714 Temiris‚
1632 654 1738 695 seu
1779 635 2199 712 'rammi-sani,
2240 635 2345 714 qui
2390 636 2766 715 provinciam

545 726 882 799 invaserat,
926 730 1122 801 metu,
1164 722 1506 781 transmisso
1536 720 1838 797 Gichone,
1876 722 1944 780 in
1972 719 2378 783 Chol-osanam
2403 721 2767 800 pervenisse.

543 809 800 893 proinde
833 815 997 869 recte
1031 807 1255 868 Paulus
1286 806 1742 867 Rhamnusius
1723 827 1790 866 m
1824 806 2037 887 Geogr.
2065 807 2223 867 dixit
2247 806 2452 886 Oxum
2482 806 2768 866 eumdem

545 897 803 958 fluvium
846 912 1007 973 esse,
1050 912 1230 971 quem
1258 893 1485 954 Arabes
1511 892 1841 953 Gichonem
1867 902 2121 969 vocant,
2166 894 2306 972 qui,
2336 899 2407 952 ut
2433 901 2652 953 auctor
2675 901 2769 952 est

548 979 876 1057 Abulfeda,
920 987 997 1038 ut
1022 979 1350 1059 plurimum
1383 980 1460 1040 ab
1493 976 1636 1040 ortu
1656 979 1723 1038 in
1745 998 2020 1040 occasum
2041 978 2201 1039 fluit.
2287 936 2768 1039 hautun-hmo

546 1065 898 1146 metropolis
936 1064 1057 1125 fuit
1095 1064 1546 1142 Samerkcmda,
1590 1065 2015 1142 Sultanorum,
2057 1085 2130 1124 ac
2167 1064 2460 1125 Tamiris
2443 1064 2631 1145 ipsius
2657 1082 2768 1126 re-

545 1154 673 1233 gia,
716 1150 1309 1233 protendebaturque
1356 1172 1425 1211 ea
1473 1151 1784 1233 provincia
1823 1151 1903 1210 ad
1938 1109 2124 1212 alium
2147 1150 2434 1226 fluvium,
2476 1168 2659 1228 quem
2685 1150 2768 1210 ad

544 1237 1028 1319 Septentrionem
1061 1235 1127 1297 in
1154 1256 1319 1297 mare
1349 1239 1628 1318 Caspium
1658 1236 1822 1297 illabi
1852 1236 2170 1313 diximuss
2196 1235 2491 1296 Arabibus
2516 1235 2766 1314 Siolson,

542 1324 611 1385 in
645 1322 862 1384 tabulis
887 1322 1202 1403 geograph.
1225 1323 1434 1384 Clu-:el
1456 1331 1893 1402 nuncupatum.
1932 1343 2053 1401 qua
2075 1328 2262 1403 porro
2283 1321 2510 1383 fluvius
2525 1319 2766 1382 Ghaion

543 1428 654 1470 seu
706 1408 943 1469 Gichon
984 1409 1051 1468 in
1091 1428 1257 1470 mare
1297 1409 1576 1489 Caspium
1615 1407 1841 1486 effluit,
1899 1429 1973 1469 ea
2013 1407 2394 1489 protenditur
2432 1407 2765 1487 provincia,

548 1515 727 1574 quam
769 1490 1285 1555 Chomaresmia'm
1317 1503 1499 1557 vocat
1526 1493 1842 1569 Abulfeda,
1892 1493 2287 1555 Chowmam
2314 1491 2624 1553 Achamcd
2651 1513 2713 1552 ιι.
2721 1497 2766 1559 8

547 1590 612 1641 et
656 1581 828 1658 alibi,
880 1581 1382 1641 Chomara-mam
1431 1537 1871 1641 El-Macinus'l.
1899 1585 1929 1643 1
1968 1584 2161 1655 c.18,
2201 1577 2582 1639 Chorosanae
2615 1598 2768 1638 con-

545 1666 748 1747 tigna,
793 1665 960 1745 quod
1006 1667 1182 1725 etiam
1228 1675 1488 1727 testatur
1530 1665 1859 1727 Alderisius
1902 1667 1944 1730 8
1971 1673 2127 1745 part.
2161 1664 2320 1727 clim.
2354 1665 2437 1738 4,
2479 1683 2559 1723 ex
2593 1664 2769 1724 cuim

545 1752 791 1811 nomine
839 1771 1005 1812 mare
1052 1753 1365 1833 Caspium,
1413 1751 1581 1831 quod
1630 1751 1823 1812 eidem
1862 1749 2277 1810 Achamedol.
2307 1755 2347 1815 8
2373 1770 2436 1810 ιι.
2471 1754 2549 1814 11
2595 1771 2771 1809 marc

332 1843 378 1897 P
409 1843 516 1900 202
553 1838 807 1899 calzam
860 1837 1117 1913 dicitur,
1175 1839 1250 1897 ab
1295 1838 1590 1899 Abulfeda
1628 1846 1687 1897 et
1720 1858 1760 1898 a
1796 1836 2119 1918 praedictis
2154 1835 2548 1915 scriptoribus
2586 1837 2772 1896 lacus

549 1920 1051 1981 Clzowarazmiae
1088 1931 1493 2003 nuncupatur.
1577 1922 1685 1983 sed
1717 1933 1781 1982 et
1822 1923 1948 2003 ipse
1969 1923 2195 1984 fluvius
2223 1919 2494 2001 Giehon,
2545 1922 2775 1999 Cabur,

540 2025 650 2066 seu
699 2006 921 2066 Cowar
964 2007 1297 2087 appellatur
1340 2027 1375 2065 a
1419 2007 1606 2088 Tyrio
1642 2008 1686 2068 l.
1721 2013 1758 2074 1
1797 2027 1849 2067 c.
1881 2014 1948 2073 7.
2031 2006 2288 2087 proinde
2338 2007 2454 2066 erit
2499 2008 2777 2083 Gichon,

546 2091 752 2154 Gihon
774 2100 837 2152 et
867 2090 1116 2153 Glzaion
1142 2092 1468 2170 Arabibus,
1511 2093 1615 2171 qui
1642 2090 2143 2175 Graecis''Apoe}z;·
2165 2089 2441 2168 οῒὌξος,
2486 2092 2566 2152 do
2591 2095 2776 2153 cuius

541 2178 804 2240 decursu
830 2186 890 2238 et
911 2177 1324 2258 magnitudine
1349 2179 1642 2240 nonnulla
1667 2178 1895 2238 habent
1916 2179 2296 2240 Beniaminus
2319 2177 2528 2239 Tude]-
2554 2187 2622 2237 et
2654 2177 2776 2238 Al-

543 2263 798 2325 deriflius
820 2284 881 2344 P·
912 2269 1056 2342 138,
1093 2268 1216 2331 196
1248 2274 1311 2325 et
1332 2268 1478 2335 212.
1535 2264 1678 2326 vide
1701 2265 2058 2325 Salmasium
2087 2265 2167 2325 ad
2194 2264 2460 2325 Solinum
2488 2284 2548 2344 p.
2574 2269 2773 2330 1201.

714 2371 773 2431 Ρ.
814 2354 902 2415 27
948 2369 1013 2416 V.
1055 2349 1152 2413 14.
1253 2352 1744 2432 δυσανασχετων]
1818 2351 2076 2432 Contigit
2127 2349 2248 2411 hoc
2287 2349 2582 2431 praelium
2627 2370 2778 2409 cum

543 2432 797 2499 Masudo
852 2455 960 2496 seu
1014 2434 1304 2517 Masgudo
1320 2482 1338 2516 ‚
1411 2456 1590 2516 quem
1650 2437 1917 2518 parentis
1980 2437 2223 2498 nomine
2295 2435 2529 2497 donant
2581 2436 2775 2516 vulgo

542 2522 760 2583 Graeci
803 2524 1156 2604 scriptores,
1210 2523 1278 2588 A.
1312 2522 1462 2604 Heg.
1503 2521 1661 2601 452,
1704 2521 1933 2584 Christi
1966 2521 2164 2595 1040,
2202 2530 2278 2583 ut
2303 2531 2517 2583 auctor
2540 2530 2645 2583 est
2668 2522 2778 2584 El-

541 2607 832 2669 Macinus.

715 2714 775 2773 Ρ.
804 2695 889 2757 28
920 2711 984 2755 ι.
1006 2697 1112 2761 20.
1201 2686 1342 2756 ἄλλ’
1387 2691 1455 2758 οἰ
1496 2689 1648 2774 μὲν]
1692 2693 1778 2753 De
1821 2702 2018 2755 morte
2059 2701 2122 2754 et
2162 2692 2331 2753 clade
2367 2691 2648 2772 Masudi,
2688 2693 2776 2754 sic

543 2777 707 2839 idem
744 2777 1120 2839 El-Macinus
1142 2775 1213 2839 A.
1242 2777 1517 2858 proxime
1552 2778 1850 2858 sequenti.
1892 2765 2095 2840 eoklem
2139 2799 2305 2839 anno
2349 2781 2594 2839 occisus
2617 2781 2775 2858 fud

532 2867 827 2946 princepe
850 2861 1161 2923 Masada-s
1181 2863 1374 2944 filius
1400 2863 1737 2925 Mahmudi
1745 2865 1934 2946 ,filii
1958 2865 2367 2926 Sabuctakini
2404 2867 2574 2946 regie
2605 2865 2773 2926 csto-

545 2969 851 3020 rosanae,
895 2947 1143 3025 Indiae,
1183 2960 1242 3008 et
1283 2950 1829 3030 Mauranalzarae,
1872 2953 1986 3031 qui
2009 2951 2150 3031 fuit
2180 2950 2495 3031 resson-tis
2525 2961 2584 3009 et
2605 2963 2774 3012 etre-

546 3054 747 3110 mma,
783 3036 1028 3116 peritus
1066 3033 1377 3114 bellandi,
1417 3057 1497 3096 ac
1534 3037 1674 3097 bene
1718 3057 1935 3118 regens
1972 3034 2258 3096 subditos
2276 3057 2426 3096 auos*
2451 3046 2653 3116 atque
2683 3059 2776 3096 re-

542 3122 794 3202 giones,
852 3131 911 3180 et
954 3123 1248 3180 successit
1284 3124 1341 3181 ei
1365 3123 1573 3198 frater
1613 3125 1747 3182 eiua
1785 3124 2118 3203 imperator
2147 3120 2549 3184 mammeti
2570 3123 2774 3202 filine

547 3202 901 3268 Mahmuds'.
984 3227 1168 3288 porro
1214 3207 1345 3287 qui
1360 3208 1558 3269 Cabiri
1587 3208 1888 3289 Brycnnio
1917 3207 2020 3268 hic
2048 3218 2109 3268 et
2134 3208 2428 3289 Scylitzae
2457 3207 2770 3286 dicuntur,

546 3291 836 3353 videntur
857 3290 1041 3353 iidem
1071 3311 1210 3352 cum
1234 3293 1501 3370 Gabaris,
1543 3294 1780 3375 populis
1805 3294 2105 3372 videlicet,
2149 3294 2360 3354 Turcis
2388 3295 2772 3374 Septentrio-

547 3375 787 3438 nalibus
834 3378 1275 3455 conterminis,
1293 3399 1435 3440 cum
1482 3381 1699 3460 quibus
1745 3381 1812 3440 in
1844 3380 2143 3441 Persidem
2189 3381 2348 3441 forte
2375 3380 2773 3445 maia-nt.

548 3461 770 3526 horum
796 3464 1067 3524 meminit
1095 3465 1522 3526 Constantinus
1550 3465 1772 3545 Porph.
1807 3465 1883 3527 de
1909 3465 2083 3527 Adm.
2108 3466 2253 3547 imp.
2283 3485 2335 3526 c.
2362 3468 2464 3530 39.

717 3565 780 3628 Ρ.
805 3552 891 3617 29
920 3569 982 3612 v.
1004 3553 1111 3615 20.
1195 3547 1565 3631 σουλτοὶνον]
1608 3551 1759 3613 Vide
1785 3551 2259 3613 dissertationem
2280 3558 2551 3611 nostram
2577 3554 2666 3616 16
2689 3550 2769 3611 ad

549 3631 887 3697 loinvillam
903 3679 921 3711 ,
971 3635 1081 3695 ubi
1102 3635 1305 3697 locum
1329 3636 1497 3696 hunc
1519 3637 1806 3718 Bryennii
1837 3637 2109 3717 pluribus
2143 3636 2553 3719 expendimus.

720 3741 781 3800 p.
817 3725 901 3786 30
925 3740 992 3782 v.
1028 3725 1130 3788 16.
1220 3720 1675 3806 Πισσασῦριον]
1715 3723 1861 3784 Fuit
1905 3723 2011 3784 ille
2052 3724 2279 3804 origine
2307 3731 2370 3782 et
2394 3731 2572 3802 gente
2601 3721 2770 3781 Tur-

551 3821 691 3883 cus,
733 3814 1112 3886 vocaturque
1145 3808 1221 3867 ab
1253 3808 1593 3869 El-Macino
1608 3855 1626 3888 ‚
1669 3811 1999 3870 Rus-tanus
2019 3809 2445 3870 Abullmritus
2465 3806 2768 3887 maff-

553 3899 711 3967 rus,‘
740 3901 1131 3972 cognomento
1155 3893 1582 3972 Basaaear‘eus,
1628 3904 1690 3955 et
1713 3897 1780 3956 in
1807 3894 2108 3956 Chronico
2138 3893 2430 3956 Orientali
2458 3893 2536 3953 ab
2563 3890 2768 3952 Abra-

550 3974 731 4036 hamo
770 3977 1101 4038 Echellensi
1145 3980 1305 4040 edito
1320 4026 1338 4058 ,
1381 3984 1759 4059 Baeasirus,
1803 4000 1881 4041 ex
1916 4001 2039 4060 quo
2066 3983 2522 4059 Pisa-assyrium
2551 3979 2768 4038 conse-

551 4069 770 4123 cerunt
782 4064 1126 4168 Bryennius
1155 4075 1218 4127 et
1249 4067 1552 4147 Scylitzes.
1635 4069 1687 4128 is
1706 4069 1769 4128 in
1794 4067 2051 4144 Geraca,
2093 4086 2199 4128 seu
2221 4065 2516 4126 Chaldaea
2547 4074 2766 4145 potens

550 4148 791 4225 factuss
816 4151 1233 4232 prosperisque
1269 4153 1458 4213 elatus
1493 4173 1697 4214 rerum
1731 4154 2133 4228 successibus,
2173 4153 2474 4233 regionem
2503 4169 2629 4211 non
2649 4167 2764 4209 suo

555 4233 858 4295 duntaxat
898 4237 1150 4298 asseruit
1190 4240 1475 4320 imperio,
1519 4239 1625 4299 sed
1664 4249 1724 4300 et
1765 4240 2058 4302 Arabibus
2088 4249 2151 4300 et
2185 4239 2492 4300 Saracenis
2528 4245 2762 4297 terrore

550 4320 823 4401 incusso,
868 4339 1205 4406 supremam
1226 4325 1293 4387 in
1320 4325 1681 4406 Boiitarum,
1727 4347 1986 4407 qnorum
2024 4346 2169 4390 mox
2190 4323 2468 4402 manini,
2507 4319 2759 4405 provin·
