<?xml version="1.0" encoding="UTF-8"?>
<!DOCTYPE html PUBLIC "-//W3C//DTD XHTML 1.0 Transitional//EN"
    "http://www.w3.org/TR/xhtml1/DTD/xhtml1-transitional.dtd">
<html xmlns="http://www.w3.org/1999/xhtml" xml:lang="en" lang="en">
 <head>
  <title>
</title>
<meta http-equiv="Content-Type" content="text/html;charset=utf-8" />
  <meta name='ocr-system' content='tesseract 3.04.00' />
  <meta name='ocr-capabilities' content='ocr_page ocr_carea ocr_par ocr_line ocrx_word'/>
</head>
<body>
  <div class='ocr_page' id='page_1' title='image "./corpusscriptoru15berlgoog_0461.png"; bbox 0 0 3064 4890; ppageno 0'>
   <div class='ocr_carea' id='block_1_1' title="bbox 1094 372 2515 447">
    <p class='ocr_par' dir='ltr' id='par_1_1' title="bbox 1094 372 2515 447">
     <span class='ocr_line' id='line_1_1' title="bbox 1094 372 2515 447; baseline 0.006 -8"><span class='ocrx_word' id='word_1_1' title='bbox 1094 372 1350 441; x_wconf 88' lang='lat' dir='ltr'>PETRI</span> <span class='ocrx_word' id='word_1_2' title='bbox 1397 373 1749 443; x_wconf 75' lang='lat' dir='ltr'>Possm</span> <span class='ocrx_word' id='word_1_3' title='bbox 2427 398 2515 447; x_wconf 69' lang='lat' dir='ltr'>xv</span> 
     </span>
    </p>
   </div>
   <div class='ocr_carea' id='block_1_2' title="bbox 228 540 2535 4468">
    <p class='ocr_par' dir='ltr' id='par_1_2' title="bbox 239 540 2535 4054">
     <span class='ocr_line' id='line_1_2' title="bbox 321 540 2511 634; baseline 0.006 -28"><span class='ocrx_word' id='word_1_4' title='bbox 321 562 600 633; x_wconf 79' lang='lat' dir='ltr'>operam,</span> <span class='ocrx_word' id='word_1_5' title='bbox 665 566 749 608; x_wconf 92' lang='lat' dir='ltr'>ne</span> <span class='ocrx_word' id='word_1_6' title='bbox 805 545 1243 634; x_wconf 67' lang='lat' dir='ltr'>circumscripti</span> <span class='ocrx_word' id='word_1_7' title='bbox 1289 544 1373 611; x_wconf 83' lang='lat' dir='ltr'>ad</span> <span class='ocrx_word' id='word_1_8' title='bbox 1415 547 1554 613; x_wconf 89' lang='lat' dir='ltr'>eius</span> <span class='ocrx_word' id='word_1_9' title='bbox 1595 544 1837 612; x_wconf 77' lang='lat' dir='ltr'>codicis‘</span> <span class='ocrx_word' id='word_1_10' title='bbox 1875 540 2214 634; x_wconf 71' lang='lat' dir='ltr'>precariam</span> <span class='ocrx_word' id='word_1_11' title='bbox 2262 572 2511 619; x_wconf 78' lang='lat' dir='ltr'>usuram</span> 
     </span>
     <span class='ocr_line' id='line_1_3' title="bbox 318 648 2510 745; baseline 0.005 -34"><span class='ocrx_word' id='word_1_12' title='bbox 318 649 496 736; x_wconf 80' lang='lat' dir='ltr'>spatii</span> <span class='ocrx_word' id='word_1_13' title='bbox 533 669 680 736; x_wconf 81' lang='lat' dir='ltr'>pars</span> <span class='ocrx_word' id='word_1_14' title='bbox 721 650 904 714; x_wconf 88' lang='lat' dir='ltr'>nobis</span> <span class='ocrx_word' id='word_1_15' title='bbox 938 653 1067 714; x_wconf 80' lang='lat' dir='ltr'>ulla</span> <span class='ocrx_word' id='word_1_16' title='bbox 1113 648 1481 716; x_wconf 70' lang='lat' dir='ltr'>dilaberetur</span> <span class='ocrx_word' id='word_1_17' title='bbox 1524 651 1749 716; x_wconf 87' lang='lat' dir='ltr'>otiosa.</span> <span class='ocrx_word' id='word_1_18' title='bbox 1848 652 1938 715; x_wconf 88' lang='lat' dir='ltr'>sic</span> <span class='ocrx_word' id='word_1_19' title='bbox 1972 655 2144 719; x_wconf 81' lang='lat' dir='ltr'>brevi</span> <span class='ocrx_word' id='word_1_20' title='bbox 2176 658 2510 745; x_wconf 79' lang='lat' dir='ltr'>exscripsi-</span> 
     </span>
     <span class='ocr_line' id='line_1_4' title="bbox 315 751 2505 847; baseline 0.004 -32"><span class='ocrx_word' id='word_1_21' title='bbox 315 772 447 817; x_wconf 83' lang='lat' dir='ltr'>mus</span> <span class='ocrx_word' id='word_1_22' title='bbox 505 775 663 840; x_wconf 89' lang='lat' dir='ltr'>opus</span> <span class='ocrx_word' id='word_1_23' title='bbox 712 751 867 817; x_wconf 87' lang='lat' dir='ltr'>illud</span> <span class='ocrx_word' id='word_1_24' title='bbox 906 764 1109 818; x_wconf 84' lang='lat' dir='ltr'>totum</span> <span class='ocrx_word' id='word_1_25' title='bbox 1145 768 1209 819; x_wconf 88' lang='lat' dir='ltr'>et</span> <span class='ocrx_word' id='word_1_26' title='bbox 1247 756 1607 842; x_wconf 79' lang='lat' dir='ltr'>priusquam</span> <span class='ocrx_word' id='word_1_27' title='bbox 1647 757 1884 820; x_wconf 64' lang='lat' dir='ltr'>eadsset</span> <span class='ocrx_word' id='word_1_28' title='bbox 1925 761 2299 847; x_wconf 77' lang='lat' dir='ltr'>praescripta</span> <span class='ocrx_word' id='word_1_29' title='bbox 2348 759 2505 840; x_wconf 88' lang='lat' dir='ltr'>dies,</span> 
     </span>
     <span class='ocr_line' id='line_1_5' title="bbox 314 855 2508 949; baseline 0.005 -30"><span class='ocrx_word' id='word_1_30' title='bbox 314 878 446 919; x_wconf 82' lang='lat' dir='ltr'>eum</span> <span class='ocrx_word' id='word_1_31' title='bbox 481 855 607 920; x_wconf 85' lang='lat' dir='ltr'>fide</span> <span class='ocrx_word' id='word_1_32' title='bbox 648 876 722 919; x_wconf 85' lang='lat' dir='ltr'>ac</span> <span class='ocrx_word' id='word_1_33' title='bbox 768 859 981 938; x_wconf 81' lang='lat' dir='ltr'>gratiis</span> <span class='ocrx_word' id='word_1_34' title='bbox 1026 855 1254 923; x_wconf 87' lang='lat' dir='ltr'>debitis</span> <span class='ocrx_word' id='word_1_35' title='bbox 1292 857 1758 924; x_wconf 82' lang='lat' dir='ltr'>commodatum</span> <span class='ocrx_word' id='word_1_36' title='bbox 1796 861 2203 949; x_wconf 75' lang='lat' dir='ltr'>archetypum</span> <span class='ocrx_word' id='word_1_37' title='bbox 2228 861 2508 929; x_wconf 77' lang='lat' dir='ltr'>codicem</span> 
     </span>
     <span class='ocr_line' id='line_1_6' title="bbox 308 961 2507 1044; baseline 0.004 -22"><span class='ocrx_word' id='word_1_38' title='bbox 308 961 646 1024; x_wconf 82' lang='lat' dir='ltr'>clarissimo</span> <span class='ocrx_word' id='word_1_39' title='bbox 692 971 757 1024; x_wconf 86' lang='lat' dir='ltr'>et</span> <span class='ocrx_word' id='word_1_40' title='bbox 783 962 1248 1026; x_wconf 84' lang='lat' dir='ltr'>officiosissimo</span> <span class='ocrx_word' id='word_1_41' title='bbox 1276 964 1419 1026; x_wconf 78' lang='lat' dir='ltr'>viro</span> <span class='ocrx_word' id='word_1_42' title='bbox 1446 962 1715 1027; x_wconf 87' lang='lat' dir='ltr'>reddidi.</span> <span class='ocrx_word' id='word_1_43' title='bbox 1816 964 2074 1044; x_wconf 78' lang='lat' dir='ltr'>contigit</span> <span class='ocrx_word' id='word_1_44' title='bbox 2104 965 2331 1030; x_wconf 78' lang='lat' dir='ltr'>deiude</span> <span class='ocrx_word' id='word_1_45' title='bbox 2353 989 2507 1031; x_wconf 84' lang='lat' dir='ltr'>usus</span> 
     </span>
     <span class='ocr_line' id='line_1_7' title="bbox 306 1062 2501 1152; baseline 0.004 -26"><span class='ocrx_word' id='word_1_46' title='bbox 306 1065 554 1128; x_wconf 74' lang='lat' dir='ltr'>liberior</span> <span class='ocrx_word' id='word_1_47' title='bbox 581 1062 813 1129; x_wconf 85' lang='lat' dir='ltr'>codicis</span> <span class='ocrx_word' id='word_1_48' title='bbox 847 1064 1164 1147; x_wconf 85' lang='lat' dir='ltr'>eiusdem,</span> <span class='ocrx_word' id='word_1_49' title='bbox 1233 1068 1465 1147; x_wconf 78' lang='lat' dir='ltr'>insigni</span> <span class='ocrx_word' id='word_1_50' title='bbox 1502 1078 1570 1130; x_wconf 91' lang='lat' dir='ltr'>et</span> <span class='ocrx_word' id='word_1_51' title='bbox 1612 1068 1733 1131; x_wconf 85' lang='lat' dir='ltr'>hoc</span> <span class='ocrx_word' id='word_1_52' title='bbox 1773 1069 1912 1144; x_wconf 81' lang='lat' dir='ltr'>loco</span> <span class='ocrx_word' id='word_1_53' title='bbox 1943 1072 2277 1134; x_wconf 82' lang='lat' dir='ltr'>memorari</span> <span class='ocrx_word' id='word_1_54' title='bbox 2310 1070 2501 1152; x_wconf 84' lang='lat' dir='ltr'>digno</span> 
     </span>
     <span class='ocr_line' id='line_1_8' title="bbox 304 1168 2500 1262; baseline 0.003 -31"><span class='ocrx_word' id='word_1_55' title='bbox 304 1168 601 1233; x_wconf 82' lang='lat' dir='ltr'>beneficio</span> <span class='ocrx_word' id='word_1_56' title='bbox 632 1168 1131 1257; x_wconf 86' lang='lat' dir='ltr'>incomparabilis</span> <span class='ocrx_word' id='word_1_57' title='bbox 1172 1180 1235 1233; x_wconf 81' lang='lat' dir='ltr'>et</span> <span class='ocrx_word' id='word_1_58' title='bbox 1255 1172 1440 1251; x_wconf 83' lang='lat' dir='ltr'>longe</span> <span class='ocrx_word' id='word_1_59' title='bbox 1472 1192 1659 1258; x_wconf 77' lang='lat' dir='ltr'>supra</span> <span class='ocrx_word' id='word_1_60' title='bbox 1686 1173 2001 1252; x_wconf 72' lang='lat' dir='ltr'>vulgarem</span> <span class='ocrx_word' id='word_1_61' title='bbox 2027 1172 2286 1236; x_wconf 86' lang='lat' dir='ltr'>modum</span> <span class='ocrx_word' id='word_1_62' title='bbox 2315 1195 2500 1262; x_wconf 82' lang='lat' dir='ltr'>prae-</span> 
     </span>
     <span class='ocr_line' id='line_1_9' title="bbox 301 1270 2501 1355; baseline 0.003 -21"><span class='ocrx_word' id='word_1_63' title='bbox 301 1270 555 1334; x_wconf 70' lang='lat' dir='ltr'>dicandi</span> <span class='ocrx_word' id='word_1_64' title='bbox 606 1272 747 1339; x_wconf 83' lang='lat' dir='ltr'>viri.</span> <span class='ocrx_word' id='word_1_65' title='bbox 852 1271 1198 1339; x_wconf 87' lang='lat' dir='ltr'>Gulielmus</span> <span class='ocrx_word' id='word_1_66' title='bbox 1253 1274 1486 1338; x_wconf 83' lang='lat' dir='ltr'>etenim</span> <span class='ocrx_word' id='word_1_67' title='bbox 1547 1274 1840 1355; x_wconf 76' lang='lat' dir='ltr'>Pugetius</span> <span class='ocrx_word' id='word_1_68' title='bbox 1891 1289 2142 1339; x_wconf 82' lang='lat' dir='ltr'>senatus</span> <span class='ocrx_word' id='word_1_69' title='bbox 2198 1277 2501 1341; x_wconf 81' lang='lat' dir='ltr'>Tolosani</span> 
     </span>
     <span class='ocr_line' id='line_1_10' title="bbox 296 1376 2496 1465; baseline 0.003 -27"><span class='ocrx_word' id='word_1_70' title='bbox 296 1377 504 1439; x_wconf 86' lang='lat' dir='ltr'>lumen</span> <span class='ocrx_word' id='word_1_71' title='bbox 544 1378 793 1456; x_wconf 81' lang='lat' dir='ltr'>ingens,</span> <span class='ocrx_word' id='word_1_72' title='bbox 834 1378 1050 1464; x_wconf 85' lang='lat' dir='ltr'>paucis</span> <span class='ocrx_word' id='word_1_73' title='bbox 1085 1388 1227 1465; x_wconf 88' lang='lat' dir='ltr'>post</span> <span class='ocrx_word' id='word_1_74' title='bbox 1264 1378 1369 1441; x_wconf 81' lang='lat' dir='ltr'>illa</span> <span class='ocrx_word' id='word_1_75' title='bbox 1390 1425 1407 1457; x_wconf 92' lang='lat'>,</span> <span class='ocrx_word' id='word_1_76' title='bbox 1459 1399 1619 1463; x_wconf 83' lang='lat' dir='ltr'>quae</span> <span class='ocrx_word' id='word_1_77' title='bbox 1666 1376 1860 1441; x_wconf 89' lang='lat' dir='ltr'>modo</span> <span class='ocrx_word' id='word_1_78' title='bbox 1908 1379 2125 1457; x_wconf 87' lang='lat' dir='ltr'>retuli,</span> <span class='ocrx_word' id='word_1_79' title='bbox 2177 1382 2496 1445; x_wconf 84' lang='lat' dir='ltr'>mensibus</span> 
     </span>
     <span class='ocr_line' id='line_1_11' title="bbox 293 1478 2490 1568; baseline 0.002 -25"><span class='ocrx_word' id='word_1_80' title='bbox 293 1481 585 1543; x_wconf 79' lang='lat' dir='ltr'>convenit</span> <span class='ocrx_word' id='word_1_81' title='bbox 616 1478 755 1555; x_wconf 79' lang='lat' dir='ltr'>m&#39;e3</span> <span class='ocrx_word' id='word_1_82' title='bbox 807 1493 869 1543; x_wconf 90' lang='lat' dir='ltr'>et</span> <span class='ocrx_word' id='word_1_83' title='bbox 910 1482 1033 1545; x_wconf 87' lang='lat' dir='ltr'>isto</span> <span class='ocrx_word' id='word_1_84' title='bbox 1075 1483 1215 1568; x_wconf 87' lang='lat' dir='ltr'>ipso</span> <span class='ocrx_word' id='word_1_85' title='bbox 1235 1527 1254 1560; x_wconf 89' lang='lat'>,</span> <span class='ocrx_word' id='word_1_86' title='bbox 1304 1502 1493 1568; x_wconf 78' lang='lat' dir='ltr'>quem</span> <span class='ocrx_word' id='word_1_87' title='bbox 1540 1483 1721 1568; x_wconf 82' lang='lat' dir='ltr'>qussi</span> <span class='ocrx_word' id='word_1_88' title='bbox 1750 1483 1958 1545; x_wconf 80' lang='lat' dir='ltr'>furtim</span> <span class='ocrx_word' id='word_1_89' title='bbox 1984 1495 2163 1545; x_wconf 89' lang='lat' dir='ltr'>antea</span> <span class='ocrx_word' id='word_1_90' title='bbox 2187 1482 2490 1564; x_wconf 77' lang='lat' dir='ltr'>videram,</span> 
     </span>
     <span class='ocr_line' id='line_1_12' title="bbox 288 1584 2488 1673; baseline 0.002 -28"><span class='ocrx_word' id='word_1_91' title='bbox 288 1585 705 1670; x_wconf 86' lang='lat' dir='ltr'>manuscripto</span> <span class='ocrx_word' id='word_1_92' title='bbox 736 1584 894 1648; x_wconf 89' lang='lat' dir='ltr'>libro</span> <span class='ocrx_word' id='word_1_93' title='bbox 925 1584 1005 1649; x_wconf 90' lang='lat' dir='ltr'>de</span> <span class='ocrx_word' id='word_1_94' title='bbox 1035 1586 1253 1647; x_wconf 80' lang='lat' dir='ltr'>famuli</span> <span class='ocrx_word' id='word_1_95' title='bbox 1282 1586 1644 1648; x_wconf 86' lang='lat' dir='ltr'>assectantis</span> <span class='ocrx_word' id='word_1_96' title='bbox 1673 1605 1860 1649; x_wconf 89' lang='lat' dir='ltr'>manu</span> <span class='ocrx_word' id='word_1_97' title='bbox 1885 1599 2163 1673; x_wconf 84' lang='lat' dir='ltr'>sumpto:</span> <span class='ocrx_word' id='word_1_98' title='bbox 2201 1609 2278 1651; x_wconf 89' lang='lat' dir='ltr'>en</span> <span class='ocrx_word' id='word_1_99' title='bbox 2306 1589 2488 1666; x_wconf 86' lang='lat' dir='ltr'>bunc,</span> 
     </span>
     <span class='ocr_line' id='line_1_13' title="bbox 284 1685 2485 1774; baseline 0.002 -25"><span class='ocrx_word' id='word_1_100' title='bbox 284 1687 506 1772; x_wconf 83' lang='lat' dir='ltr'>inquit,</span> <span class='ocrx_word' id='word_1_101' title='bbox 555 1685 852 1767; x_wconf 82' lang='lat' dir='ltr'>codicem,</span> <span class='ocrx_word' id='word_1_102' title='bbox 904 1690 1048 1774; x_wconf 89' lang='lat' dir='ltr'>quia</span> <span class='ocrx_word' id='word_1_103' title='bbox 1077 1689 1191 1751; x_wconf 88' lang='lat' dir='ltr'>tibi</span> <span class='ocrx_word' id='word_1_104' title='bbox 1219 1689 1435 1752; x_wconf 88' lang='lat' dir='ltr'>utilem</span> <span class='ocrx_word' id='word_1_105' title='bbox 1462 1701 1527 1751; x_wconf 89' lang='lat' dir='ltr'>et</span> <span class='ocrx_word' id='word_1_106' title='bbox 1552 1687 1970 1753; x_wconf 83' lang='lat' dir='ltr'>desideratum</span> <span class='ocrx_word' id='word_1_107' title='bbox 1997 1691 2292 1769; x_wconf 80' lang='lat' dir='ltr'>intellexi,</span> <span class='ocrx_word' id='word_1_108' title='bbox 2345 1712 2485 1754; x_wconf 84' lang='lat' dir='ltr'>mea</span> 
     </span>
     <span class='ocr_line' id='line_1_14' title="bbox 282 1789 2483 1881; baseline 0.003 -29"><span class='ocrx_word' id='word_1_109' title='bbox 282 1792 545 1875; x_wconf 84' lang='lat' dir='ltr'>pecunia</span> <span class='ocrx_word' id='word_1_110' title='bbox 596 1789 985 1879; x_wconf 87' lang='lat' dir='ltr'>redemptum</span> <span class='ocrx_word' id='word_1_111' title='bbox 1027 1790 1111 1856; x_wconf 90' lang='lat' dir='ltr'>do</span> <span class='ocrx_word' id='word_1_112' title='bbox 1158 1792 1270 1854; x_wconf 87' lang='lat' dir='ltr'>tibi</span> <span class='ocrx_word' id='word_1_113' title='bbox 1317 1790 1643 1878; x_wconf 83' lang='lat' dir='ltr'>donoque,</span> <span class='ocrx_word' id='word_1_114' title='bbox 1726 1804 1794 1855; x_wconf 89' lang='lat' dir='ltr'>ut</span> <span class='ocrx_word' id='word_1_115' title='bbox 1831 1804 1971 1856; x_wconf 89' lang='lat' dir='ltr'>tuus</span> <span class='ocrx_word' id='word_1_116' title='bbox 2015 1814 2201 1878; x_wconf 85' lang='lat' dir='ltr'>quam</span> <span class='ocrx_word' id='word_1_117' title='bbox 2242 1795 2483 1881; x_wconf 85' lang='lat' dir='ltr'>optimo</span> 
     </span>
     <span class='ocr_line' id='line_1_15' title="bbox 279 1894 2482 1976; baseline 0.002 -19"><span class='ocrx_word' id='word_1_118' title='bbox 279 1894 416 1957; x_wconf 81' lang='lat' dir='ltr'>iure</span> <span class='ocrx_word' id='word_1_119' title='bbox 444 1895 547 1957; x_wconf 88' lang='lat' dir='ltr'>sit.</span> <span class='ocrx_word' id='word_1_120' title='bbox 649 1906 819 1957; x_wconf 83' lang='lat' dir='ltr'>tanta</span> <span class='ocrx_word' id='word_1_121' title='bbox 863 1896 965 1959; x_wconf 81' lang='lat' dir='ltr'>vis</span> <span class='ocrx_word' id='word_1_122' title='bbox 1003 1896 1522 1976; x_wconf 70' lang='lat' dir='ltr'>generosissimae</span> <span class='ocrx_word' id='word_1_123' title='bbox 1564 1897 1966 1959; x_wconf 81' lang='lat' dir='ltr'>humanitatis</span> <span class='ocrx_word' id='word_1_124' title='bbox 2009 1897 2077 1958; x_wconf 90' lang='lat' dir='ltr'>in</span> <span class='ocrx_word' id='word_1_125' title='bbox 2118 1899 2228 1959; x_wconf 85' lang='lat' dir='ltr'>ino</span> <span class='ocrx_word' id='word_1_126' title='bbox 2261 1901 2482 1961; x_wconf 87' lang='lat' dir='ltr'>ceteris</span> 
     </span>
     <span class='ocr_line' id='line_1_16' title="bbox 276 1998 2480 2087; baseline 0.003 -28"><span class='ocrx_word' id='word_1_127' title='bbox 276 2017 477 2083; x_wconf 80' lang='lat' dir='ltr'>aeque</span> <span class='ocrx_word' id='word_1_128' title='bbox 522 1999 811 2062; x_wconf 88' lang='lat' dir='ltr'>omnibus</span> <span class='ocrx_word' id='word_1_129' title='bbox 850 1999 1179 2064; x_wconf 80' lang='lat' dir='ltr'>virtutibus</span> <span class='ocrx_word' id='word_1_130' title='bbox 1220 2011 1285 2061; x_wconf 90' lang='lat' dir='ltr'>et</span> <span class='ocrx_word' id='word_1_131' title='bbox 1321 2001 1652 2087; x_wconf 85' lang='lat' dir='ltr'>praeclaris</span> <span class='ocrx_word' id='word_1_132' title='bbox 1699 1998 1946 2063; x_wconf 86' lang='lat' dir='ltr'>dotibus</span> <span class='ocrx_word' id='word_1_133' title='bbox 1992 1998 2070 2062; x_wconf 85' lang='lat' dir='ltr'>ad</span> <span class='ocrx_word' id='word_1_134' title='bbox 2121 2001 2480 2064; x_wconf 75' lang='lat' dir='ltr'>miraculum</span> 
     </span>
     <span class='ocr_line' id='line_1_17' title="bbox 272 2102 2481 2190; baseline 0.002 -26"><span class='ocrx_word' id='word_1_135' title='bbox 272 2103 521 2164; x_wconf 80' lang='lat' dir='ltr'>exculto</span> <span class='ocrx_word' id='word_1_136' title='bbox 566 2102 758 2164; x_wconf 85' lang='lat' dir='ltr'>heroe</span> <span class='ocrx_word' id='word_1_137' title='bbox 784 2102 921 2164; x_wconf 76' lang='lat' dir='ltr'>suit.</span> <span class='ocrx_word' id='word_1_138' title='bbox 1024 2103 1196 2167; x_wconf 87' lang='lat' dir='ltr'>cuius</span> <span class='ocrx_word' id='word_1_139' title='bbox 1224 2103 1341 2165; x_wconf 85' lang='lat' dir='ltr'>hac</span> <span class='ocrx_word' id='word_1_140' title='bbox 1373 2104 1528 2166; x_wconf 87' lang='lat' dir='ltr'>mire</span> <span class='ocrx_word' id='word_1_141' title='bbox 1554 2115 1897 2190; x_wconf 83' lang='lat' dir='ltr'>opportuna</span> <span class='ocrx_word' id='word_1_142' title='bbox 1927 2104 2289 2167; x_wconf 73' lang='lat' dir='ltr'>liberalitate</span> <span class='ocrx_word' id='word_1_143' title='bbox 2320 2106 2481 2168; x_wconf 84' lang='lat' dir='ltr'>mihi</span> 
     </span>
     <span class='ocr_line' id='line_1_18' title="bbox 266 2203 2480 2272; baseline 0.002 -4"><span class='ocrx_word' id='word_1_144' title='bbox 266 2203 686 2269; x_wconf 73' lang='lat' dir='ltr'>commoditas</span> <span class='ocrx_word' id='word_1_145' title='bbox 729 2203 1070 2269; x_wconf 84' lang='lat' dir='ltr'>abundavit</span> <span class='ocrx_word' id='word_1_146' title='bbox 1107 2205 1517 2270; x_wconf 84' lang='lat' dir='ltr'>conserendae</span> <span class='ocrx_word' id='word_1_147' title='bbox 1560 2207 1692 2270; x_wconf 88' lang='lat' dir='ltr'>iam</span> <span class='ocrx_word' id='word_1_148' title='bbox 1730 2205 1936 2269; x_wconf 87' lang='lat' dir='ltr'>editae</span> <span class='ocrx_word' id='word_1_149' title='bbox 1976 2206 2290 2271; x_wconf 79' lang='lat' dir='ltr'>Alexiadis</span> <span class='ocrx_word' id='word_1_150' title='bbox 2338 2231 2480 2272; x_wconf 84' lang='lat' dir='ltr'>cum</span> 
     </span>
     <span class='ocr_line' id='line_1_19' title="bbox 266 2308 2479 2396; baseline 0.002 -25"><span class='ocrx_word' id='word_1_151' title='bbox 266 2310 378 2371; x_wconf 88' lang='lat' dir='ltr'>illo</span> <span class='ocrx_word' id='word_1_152' title='bbox 407 2329 599 2371; x_wconf 83' lang='lat' dir='ltr'>manu</span> <span class='ocrx_word' id='word_1_153' title='bbox 627 2310 878 2394; x_wconf 82' lang='lat' dir='ltr'>antiqua</span> <span class='ocrx_word' id='word_1_154' title='bbox 908 2308 1219 2396; x_wconf 78' lang='lat' dir='ltr'>descripto</span> <span class='ocrx_word' id='word_1_155' title='bbox 1248 2310 1383 2372; x_wconf 89' lang='lat' dir='ltr'>eius</span> <span class='ocrx_word' id='word_1_156' title='bbox 1412 2310 1786 2395; x_wconf 75' lang='lat' dir='ltr'>exemplarit,</span> <span class='ocrx_word' id='word_1_157' title='bbox 1850 2321 2020 2371; x_wconf 85' lang='lat' dir='ltr'>etex</span> <span class='ocrx_word' id='word_1_158' title='bbox 2045 2330 2118 2372; x_wconf 84' lang='lat' dir='ltr'>ea</span> <span class='ocrx_word' id='word_1_159' title='bbox 2151 2313 2479 2375; x_wconf 85' lang='lat' dir='ltr'>collatione</span> 
     </span>
     <span class='ocr_line' id='line_1_20' title="bbox 266 2410 2476 2501; baseline 0.001 -25"><span class='ocrx_word' id='word_1_160' title='bbox 266 2435 397 2476; x_wconf 84' lang='lat' dir='ltr'>non</span> <span class='ocrx_word' id='word_1_161' title='bbox 424 2410 618 2477; x_wconf 89' lang='lat' dir='ltr'>modo</span> <span class='ocrx_word' id='word_1_162' title='bbox 646 2414 897 2477; x_wconf 86' lang='lat' dir='ltr'>lacunas</span> <span class='ocrx_word' id='word_1_163' title='bbox 930 2411 1224 2478; x_wconf 81' lang='lat' dir='ltr'>editionis</span> <span class='ocrx_word' id='word_1_164' title='bbox 1251 2411 1546 2499; x_wconf 76' lang='lat' dir='ltr'>explendi</span> <span class='ocrx_word' id='word_1_165' title='bbox 1574 2433 1815 2491; x_wconf 87' lang='lat' dir='ltr'>omnes,</span> <span class='ocrx_word' id='word_1_166' title='bbox 1867 2410 1977 2476; x_wconf 90' lang='lat' dir='ltr'>sed</span> <span class='ocrx_word' id='word_1_167' title='bbox 2005 2412 2287 2478; x_wconf 75' lang='lat' dir='ltr'>diversas</span> <span class='ocrx_word' id='word_1_168' title='bbox 2316 2438 2476 2501; x_wconf 84' lang='lat' dir='ltr'>quo-</span> 
     </span>
     <span class='ocr_line' id='line_1_21' title="bbox 263 2515 2474 2602; baseline 0.001 -23"><span class='ocrx_word' id='word_1_169' title='bbox 263 2538 388 2602; x_wconf 82' lang='lat' dir='ltr'>que</span> <span class='ocrx_word' id='word_1_170' title='bbox 418 2518 715 2580; x_wconf 89' lang='lat' dir='ltr'>lectiones</span> <span class='ocrx_word' id='word_1_171' title='bbox 743 2519 924 2580; x_wconf 85' lang='lat' dir='ltr'>facile</span> <span class='ocrx_word' id='word_1_172' title='bbox 953 2519 1051 2580; x_wconf 88' lang='lat' dir='ltr'>bis</span> <span class='ocrx_word' id='word_1_173' title='bbox 1082 2518 1252 2579; x_wconf 89' lang='lat' dir='ltr'>mille</span> <span class='ocrx_word' id='word_1_174' title='bbox 1281 2517 1344 2578; x_wconf 91' lang='lat' dir='ltr'>in</span> <span class='ocrx_word' id='word_1_175' title='bbox 1382 2518 1523 2579; x_wconf 86' lang='lat' dir='ltr'>libri</span> <span class='ocrx_word' id='word_1_176' title='bbox 1550 2517 1678 2579; x_wconf 89' lang='lat' dir='ltr'>mei</span> <span class='ocrx_word' id='word_1_177' title='bbox 1708 2515 1864 2579; x_wconf 87' lang='lat' dir='ltr'>editi</span> <span class='ocrx_word' id='word_1_178' title='bbox 1888 2537 1995 2579; x_wconf 89' lang='lat' dir='ltr'>ora</span> <span class='ocrx_word' id='word_1_179' title='bbox 2027 2517 2303 2580; x_wconf 85' lang='lat' dir='ltr'>notandi.</span> <span class='ocrx_word' id='word_1_180' title='bbox 2376 2531 2474 2581; x_wconf 87' lang='lat' dir='ltr'>at-</span> 
     </span>
     <span class='ocr_line' id='line_1_22' title="bbox 262 2620 2471 2705; baseline 0.001 -22"><span class='ocrx_word' id='word_1_181' title='bbox 262 2642 386 2705; x_wconf 82' lang='lat' dir='ltr'>que</span> <span class='ocrx_word' id='word_1_182' title='bbox 428 2633 498 2683; x_wconf 83' lang='lat' dir='ltr'>ut</span> <span class='ocrx_word' id='word_1_183' title='bbox 537 2622 772 2684; x_wconf 88' lang='lat' dir='ltr'>nullam</span> <span class='ocrx_word' id='word_1_184' title='bbox 814 2633 947 2684; x_wconf 86' lang='lat' dir='ltr'>tam</span> <span class='ocrx_word' id='word_1_185' title='bbox 982 2621 1273 2685; x_wconf 78' lang='lat' dir='ltr'>benevoli</span> <span class='ocrx_word' id='word_1_186' title='bbox 1299 2621 1489 2684; x_wconf 75' lang='lat' dir='ltr'>officii</span> <span class='ocrx_word' id='word_1_187' title='bbox 1515 2620 1777 2701; x_wconf 80' lang='lat' dir='ltr'>gratiam</span> <span class='ocrx_word' id='word_1_188' title='bbox 1806 2621 2127 2698; x_wconf 86' lang='lat' dir='ltr'>omittam,</span> <span class='ocrx_word' id='word_1_189' title='bbox 2179 2642 2292 2684; x_wconf 84' lang='lat' dir='ltr'>nec</span> <span class='ocrx_word' id='word_1_190' title='bbox 2322 2622 2471 2685; x_wconf 88' lang='lat' dir='ltr'>illud</span> 
     </span>
     <span class='ocr_line' id='line_1_23' title="bbox 260 2723 2468 2789; baseline 0.001 -4"><span class='ocrx_word' id='word_1_191' title='bbox 260 2725 516 2789; x_wconf 78' lang='lat' dir='ltr'>celabo:</span> <span class='ocrx_word' id='word_1_192' title='bbox 564 2745 881 2788; x_wconf 88' lang='lat' dir='ltr'>summum</span> <span class='ocrx_word' id='word_1_193' title='bbox 924 2726 1098 2787; x_wconf 88' lang='lat' dir='ltr'>illum</span> <span class='ocrx_word' id='word_1_194' title='bbox 1137 2724 1341 2789; x_wconf 78' lang='lat' dir='ltr'>virum</span> <span class='ocrx_word' id='word_1_195' title='bbox 1384 2723 1455 2787; x_wconf 88' lang='lat' dir='ltr'>in</span> <span class='ocrx_word' id='word_1_196' title='bbox 1492 2723 1868 2788; x_wconf 88' lang='lat' dir='ltr'>conscientia</span> <span class='ocrx_word' id='word_1_197' title='bbox 1912 2725 2116 2786; x_wconf 87' lang='lat' dir='ltr'>meriti</span> <span class='ocrx_word' id='word_1_198' title='bbox 2156 2726 2310 2787; x_wconf 84' lang='lat' dir='ltr'>tanti</span> <span class='ocrx_word' id='word_1_199' title='bbox 2358 2727 2468 2788; x_wconf 81' lang='lat' dir='ltr'>tali</span> 
     </span>
     <span class='ocr_line' id='line_1_24' title="bbox 258 2825 2467 2913; baseline 0.002 -24"><span class='ocrx_word' id='word_1_200' title='bbox 258 2846 508 2890; x_wconf 84' lang='lat' dir='ltr'>mecum</span> <span class='ocrx_word' id='word_1_201' title='bbox 536 2826 908 2891; x_wconf 81' lang='lat' dir='ltr'>verecundia</span> <span class='ocrx_word' id='word_1_202' title='bbox 932 2829 1154 2909; x_wconf 84' lang='lat' dir='ltr'>egisse,</span> <span class='ocrx_word' id='word_1_203' title='bbox 1182 2839 1245 2890; x_wconf 86' lang='lat' dir='ltr'>ut</span> <span class='ocrx_word' id='word_1_204' title='bbox 1277 2849 1419 2890; x_wconf 87' lang='lat' dir='ltr'>cum</span> <span class='ocrx_word' id='word_1_205' title='bbox 1446 2825 1768 2891; x_wconf 85' lang='lat' dir='ltr'>incidisset</span> <span class='ocrx_word' id='word_1_206' title='bbox 1792 2828 1883 2889; x_wconf 89' lang='lat' dir='ltr'>illi</span> <span class='ocrx_word' id='word_1_207' title='bbox 1911 2829 2247 2890; x_wconf 81' lang='lat' dir='ltr'>necessitas</span> <span class='ocrx_word' id='word_1_208' title='bbox 2276 2850 2467 2913; x_wconf 83' lang='lat' dir='ltr'>quae-</span> 
     </span>
     <span class='ocr_line' id='line_1_25' title="bbox 257 2927 2483 3017; baseline 0.002 -26"><span class='ocrx_word' id='word_1_209' title='bbox 257 2927 409 2994; x_wconf 76' lang='lat' dir='ltr'>dam</span> <span class='ocrx_word' id='word_1_210' title='bbox 450 2930 771 2995; x_wconf 77' lang='lat' dir='ltr'>revisendi</span> <span class='ocrx_word' id='word_1_211' title='bbox 816 2953 1005 3017; x_wconf 88' lang='lat' dir='ltr'>quem</span> <span class='ocrx_word' id='word_1_212' title='bbox 1041 2930 1383 2994; x_wconf 76' lang='lat' dir='ltr'>donaverat</span> <span class='ocrx_word' id='word_1_213' title='bbox 1423 2929 1690 3009; x_wconf 88' lang='lat' dir='ltr'>codicis,</span> <span class='ocrx_word' id='word_1_214' title='bbox 1742 2952 1868 2993; x_wconf 89' lang='lat' dir='ltr'>non</span> <span class='ocrx_word' id='word_1_215' title='bbox 1916 2932 2305 3009; x_wconf 80' lang='lat' dir='ltr'>sustinuerit,</span> <span class='ocrx_word' id='word_1_216' title='bbox 2358 2951 2483 2995; x_wconf 84' lang='lat' dir='ltr'>me·</span> 
     </span>
     <span class='ocr_line' id='line_1_26' title="bbox 255 3033 2460 3120; baseline 0.003 -26"><span class='ocrx_word' id='word_1_217' title='bbox 255 3043 393 3097; x_wconf 85' lang='lat' dir='ltr'>tum</span> <span class='ocrx_word' id='word_1_218' title='bbox 428 3037 716 3115; x_wconf 86' lang='lat' dir='ltr'>absente,</span> <span class='ocrx_word' id='word_1_219' title='bbox 774 3036 950 3097; x_wconf 83' lang='lat' dir='ltr'>illum</span> <span class='ocrx_word' id='word_1_220' title='bbox 982 3056 1020 3097; x_wconf 95' lang='lat' dir='ltr'>e</span> <span class='ocrx_word' id='word_1_221' title='bbox 1045 3046 1290 3114; x_wconf 89' lang='lat' dir='ltr'>nostro,</span> <span class='ocrx_word' id='word_1_222' title='bbox 1340 3035 1447 3097; x_wconf 91' lang='lat' dir='ltr'>ubi</span> <span class='ocrx_word' id='word_1_223' title='bbox 1473 3036 1871 3120; x_wconf 78' lang='lat' dir='ltr'>reliqueram,</span> <span class='ocrx_word' id='word_1_224' title='bbox 1924 3033 2243 3099; x_wconf 84' lang='lat' dir='ltr'>Tolosano</span> <span class='ocrx_word' id='word_1_225' title='bbox 2269 3038 2460 3101; x_wconf 87' lang='lat' dir='ltr'>colle-</span> 
     </span>
     <span class='ocr_line' id='line_1_27' title="bbox 257 3137 2454 3225; baseline 0 -23"><span class='ocrx_word' id='word_1_226' title='bbox 257 3137 365 3215; x_wconf 81' lang='lat' dir='ltr'>gio</span> <span class='ocrx_word' id='word_1_227' title='bbox 393 3159 747 3225; x_wconf 85' lang='lat' dir='ltr'>reposcere,</span> <span class='ocrx_word' id='word_1_228' title='bbox 800 3139 927 3201; x_wconf 89' lang='lat' dir='ltr'>nisi</span> <span class='ocrx_word' id='word_1_229' title='bbox 960 3139 1132 3225; x_wconf 89' lang='lat' dir='ltr'>prius</span> <span class='ocrx_word' id='word_1_230' title='bbox 1172 3158 1278 3200; x_wconf 86' lang='lat' dir='ltr'>me</span> <span class='ocrx_word' id='word_1_231' title='bbox 1317 3138 1800 3201; x_wconf 85' lang='lat' dir='ltr'>officiosissimis</span> <span class='ocrx_word' id='word_1_232' title='bbox 1846 3138 2041 3200; x_wconf 89' lang='lat' dir='ltr'>literis</span> <span class='ocrx_word' id='word_1_233' title='bbox 2084 3150 2333 3218; x_wconf 78' lang='lat' dir='ltr'>rogato,</span> <span class='ocrx_word' id='word_1_234' title='bbox 2387 3152 2454 3203; x_wconf 85' lang='lat' dir='ltr'>ut</span> 
     </span>
     <span class='ocr_line' id='line_1_28' title="bbox 251 3239 2453 3328; baseline 0.003 -28"><span class='ocrx_word' id='word_1_235' title='bbox 251 3240 393 3303; x_wconf 82' lang='lat' dir='ltr'>eius</span> <span class='ocrx_word' id='word_1_236' title='bbox 418 3243 671 3306; x_wconf 77' lang='lat' dir='ltr'>brevem</span> <span class='ocrx_word' id='word_1_237' title='bbox 698 3262 967 3321; x_wconf 86' lang='lat' dir='ltr'>usuram,</span> <span class='ocrx_word' id='word_1_238' title='bbox 992 3253 1208 3328; x_wconf 86' lang='lat' dir='ltr'>postea</span> <span class='ocrx_word' id='word_1_239' title='bbox 1241 3239 1622 3322; x_wconf 87' lang='lat' dir='ltr'>restituendi,</span> <span class='ocrx_word' id='word_1_240' title='bbox 1651 3242 1772 3305; x_wconf 88' lang='lat' dir='ltr'>sibi</span> <span class='ocrx_word' id='word_1_241' title='bbox 1798 3239 2216 3304; x_wconf 81' lang='lat' dir='ltr'>concederem.</span> <span class='ocrx_word' id='word_1_242' title='bbox 2264 3264 2453 3327; x_wconf 88' lang='lat' dir='ltr'>quare</span> 
     </span>
     <span class='ocr_line' id='line_1_29' title="bbox 250 3341 2451 3434; baseline 0.001 -30"><span class='ocrx_word' id='word_1_243' title='bbox 250 3341 518 3408; x_wconf 73' lang='lat' dir='ltr'>viderint</span> <span class='ocrx_word' id='word_1_244' title='bbox 558 3347 667 3431; x_wconf 88' lang='lat' dir='ltr'>qui</span> <span class='ocrx_word' id='word_1_245' title='bbox 713 3357 859 3434; x_wconf 88' lang='lat' dir='ltr'>post</span> <span class='ocrx_word' id='word_1_246' title='bbox 888 3346 1352 3408; x_wconf 85' lang='lat' dir='ltr'>acerbissimum</span> <span class='ocrx_word' id='word_1_247' title='bbox 1390 3366 1546 3409; x_wconf 80' lang='lat' dir='ltr'>mox</span> <span class='ocrx_word' id='word_1_248' title='bbox 1572 3357 1850 3408; x_wconf 87' lang='lat' dir='ltr'>secutum</span> <span class='ocrx_word' id='word_1_249' title='bbox 1884 3346 2050 3408; x_wconf 86' lang='lat' dir='ltr'>illius</span> <span class='ocrx_word' id='word_1_250' title='bbox 2081 3346 2451 3408; x_wconf 85' lang='lat' dir='ltr'>immortali-</span> 
     </span>
     <span class='ocr_line' id='line_1_30' title="bbox 250 3444 2535 3534; baseline 0.002 -27"><span class='ocrx_word' id='word_1_251' title='bbox 250 3454 379 3509; x_wconf 85' lang='lat' dir='ltr'>tate</span> <span class='ocrx_word' id='word_1_252' title='bbox 412 3446 763 3531; x_wconf 82' lang='lat' dir='ltr'>dignissimi</span> <span class='ocrx_word' id='word_1_253' title='bbox 804 3450 926 3512; x_wconf 69' lang='lat' dir='ltr'>viri</span> <span class='ocrx_word' id='word_1_254' title='bbox 965 3452 1149 3512; x_wconf 80' lang='lat' dir='ltr'>sunus</span> <span class='ocrx_word' id='word_1_255' title='bbox 1186 3449 1412 3512; x_wconf 87' lang='lat' dir='ltr'>librum</span> <span class='ocrx_word' id='word_1_256' title='bbox 1447 3449 1642 3513; x_wconf 87' lang='lat' dir='ltr'>istum</span> <span class='ocrx_word' id='word_1_257' title='bbox 1681 3449 1844 3512; x_wconf 85' lang='lat' dir='ltr'>inter</span> <span class='ocrx_word' id='word_1_258' title='bbox 1871 3449 2006 3511; x_wconf 88' lang='lat' dir='ltr'>eius</span> <span class='ocrx_word' id='word_1_259' title='bbox 2037 3444 2316 3530; x_wconf 71' lang='grc' dir='ltr'>κειμήλια</span> <span class='ocrx_word' id='word_1_260' title='bbox 2345 3471 2449 3511; x_wconf 88' lang='lat' dir='ltr'>re-</span> <span class='ocrx_word' id='word_1_261' title='bbox 2527 3526 2535 3534; x_wconf 93' lang='lat'>.</span> 
     </span>
     <span class='ocr_line' id='line_1_31' title="bbox 248 3549 2447 3639; baseline 0 -25"><span class='ocrx_word' id='word_1_262' title='bbox 248 3563 488 3634; x_wconf 83' lang='lat' dir='ltr'>pertum</span> <span class='ocrx_word' id='word_1_263' title='bbox 528 3551 943 3616; x_wconf 83' lang='lat' dir='ltr'>haereditaria</span> <span class='ocrx_word' id='word_1_264' title='bbox 982 3553 1387 3638; x_wconf 88' lang='lat' dir='ltr'>possessione</span> <span class='ocrx_word' id='word_1_265' title='bbox 1428 3554 1547 3615; x_wconf 87' lang='lat' dir='ltr'>rite</span> <span class='ocrx_word' id='word_1_266' title='bbox 1593 3572 1927 3639; x_wconf 85' lang='lat' dir='ltr'>occupasse</span> <span class='ocrx_word' id='word_1_267' title='bbox 1972 3549 2174 3615; x_wconf 82' lang='lat' dir='ltr'>videri</span> <span class='ocrx_word' id='word_1_268' title='bbox 2213 3553 2447 3631; x_wconf 81' lang='lat' dir='ltr'>volunt,</span> 
     </span>
     <span class='ocr_line' id='line_1_32' title="bbox 247 3654 2448 3740; baseline 0.001 -24"><span class='ocrx_word' id='word_1_269' title='bbox 247 3673 373 3735; x_wconf 88' lang='lat' dir='ltr'>quo</span> <span class='ocrx_word' id='word_1_270' title='bbox 427 3656 559 3720; x_wconf 87' lang='lat' dir='ltr'>iure</span> <span class='ocrx_word' id='word_1_271' title='bbox 610 3678 747 3721; x_wconf 89' lang='lat' dir='ltr'>rem</span> <span class='ocrx_word' id='word_1_272' title='bbox 793 3655 1111 3719; x_wconf 81' lang='lat' dir='ltr'>detineant</span> <span class='ocrx_word' id='word_1_273' title='bbox 1154 3659 1487 3720; x_wconf 80' lang='lat' dir='ltr'>manifeste</span> <span class='ocrx_word' id='word_1_274' title='bbox 1530 3657 1835 3735; x_wconf 83' lang='lat' dir='ltr'>alienam3</span> <span class='ocrx_word' id='word_1_275' title='bbox 1900 3654 2129 3740; x_wconf 85' lang='lat' dir='ltr'>quippe</span> <span class='ocrx_word' id='word_1_276' title='bbox 2170 3655 2448 3734; x_wconf 83' lang='lat' dir='ltr'>legitima</span> 
     </span>
     <span class='ocr_line' id='line_1_33' title="bbox 246 3751 2446 3842; baseline 0.002 -25"><span class='ocrx_word' id='word_1_277' title='bbox 246 3751 577 3823; x_wconf 83' lang='lat' dir='ltr'>donatione</span> <span class='ocrx_word' id='word_1_278' title='bbox 622 3762 786 3824; x_wconf 84' lang='lat' dir='ltr'>inter</span> <span class='ocrx_word' id='word_1_279' title='bbox 830 3760 1016 3825; x_wconf 77' lang='lat' dir='ltr'>vivos</span> <span class='ocrx_word' id='word_1_280' title='bbox 1062 3778 1133 3820; x_wconf 85' lang='lat' dir='ltr'>ac</span> <span class='ocrx_word' id='word_1_281' title='bbox 1170 3761 1578 3822; x_wconf 78' lang='lat' dir='ltr'>testatissima</span> <span class='ocrx_word' id='word_1_282' title='bbox 1610 3763 1724 3822; x_wconf 79' lang='grc' dir='ltr'>τοῦ</span> <span class='ocrx_word' id='word_1_283' title='bbox 1756 3757 2098 3842; x_wconf 77' lang='grc' dir='ltr'><strong><em>μακαρίτου</em></strong></span> <span class='ocrx_word' id='word_1_284' title='bbox 2130 3756 2446 3842; x_wconf 87' lang='lat' dir='ltr'>quondam</span> 
     </span>
     <span class='ocr_line' id='line_1_34' title="bbox 242 3858 2441 3942; baseline 0.001 -19"><span class='ocrx_word' id='word_1_285' title='bbox 242 3858 381 3923; x_wconf 82' lang='lat' dir='ltr'>eius</span> <span class='ocrx_word' id='word_1_286' title='bbox 417 3860 657 3927; x_wconf 85' lang='lat' dir='ltr'>domini</span> <span class='ocrx_word' id='word_1_287' title='bbox 703 3862 1107 3928; x_wconf 80' lang='lat' dir='ltr'>beneficentia</span> <span class='ocrx_word' id='word_1_288' title='bbox 1151 3864 1495 3927; x_wconf 86' lang='lat' dir='ltr'>certissime</span> <span class='ocrx_word' id='word_1_289' title='bbox 1523 3863 1887 3927; x_wconf 85' lang='lat' dir='ltr'>translatam</span> <span class='ocrx_word' id='word_1_290' title='bbox 1911 3862 1981 3924; x_wconf 89' lang='lat' dir='ltr'>in</span> <span class='ocrx_word' id='word_1_291' title='bbox 2006 3862 2107 3923; x_wconf 87' lang='lat' dir='ltr'>ius</span> <span class='ocrx_word' id='word_1_292' title='bbox 2139 3873 2441 3942; x_wconf 83' lang='lat' dir='ltr'>nostrum,</span> 
     </span>
     <span class='ocr_line' id='line_1_35' title="bbox 239 3955 1213 4054; baseline 0 -26"><span class='ocrx_word' id='word_1_293' title='bbox 239 3955 331 4022; x_wconf 72' lang='lat' dir='ltr'>de</span> <span class='ocrx_word' id='word_1_294' title='bbox 354 3983 470 4050; x_wconf 87' lang='lat' dir='ltr'>quo</span> <span class='ocrx_word' id='word_1_295' title='bbox 495 3968 709 4054; x_wconf 80' lang='lat' dir='ltr'>utique</span> <span class='ocrx_word' id='word_1_296' title='bbox 731 3968 888 4030; x_wconf 89' lang='lat' dir='ltr'>nibil</span> <span class='ocrx_word' id='word_1_297' title='bbox 914 3965 1213 4029; x_wconf 89' lang='lat' dir='ltr'>cedimus.</span> 
     </span>
    </p>

    <p class='ocr_par' dir='ltr' id='par_1_3' title="bbox 228 4065 2438 4468">
     <span class='ocr_line' id='line_1_36' title="bbox 436 4065 2438 4151; baseline -0 -18"><span class='ocrx_word' id='word_1_298' title='bbox 436 4068 676 4134; x_wconf 86' lang='lat' dir='ltr'>Verum</span> <span class='ocrx_word' id='word_1_299' title='bbox 726 4083 794 4133; x_wconf 87' lang='lat' dir='ltr'>ut</span> <span class='ocrx_word' id='word_1_300' title='bbox 841 4069 924 4134; x_wconf 88' lang='lat' dir='ltr'>ad</span> <span class='ocrx_word' id='word_1_301' title='bbox 984 4080 1266 4134; x_wconf 84' lang='lat' dir='ltr'>nostrum</span> <span class='ocrx_word' id='word_1_302' title='bbox 1301 4066 1690 4151; x_wconf 78' lang='lat' dir='ltr'>Bryennium</span> <span class='ocrx_word' id='word_1_303' title='bbox 1727 4065 2014 4146; x_wconf 85' lang='lat' dir='ltr'>redeam,</span> <span class='ocrx_word' id='word_1_304' title='bbox 2083 4067 2438 4132; x_wconf 81' lang='lat' dir='ltr'>necessario</span> 
     </span>
     <span class='ocr_line' id='line_1_37' title="bbox 232 4167 2435 4257; baseline 0.004 -30"><span class='ocrx_word' id='word_1_305' title='bbox 232 4167 643 4248; x_wconf 81' lang='lat' dir='ltr'>profitendum</span> <span class='ocrx_word' id='word_1_306' title='bbox 683 4174 787 4236; x_wconf 86' lang='lat' dir='ltr'>hic</span> <span class='ocrx_word' id='word_1_307' title='bbox 828 4187 958 4252; x_wconf 80' lang='lat' dir='ltr'>est3</span> <span class='ocrx_word' id='word_1_308' title='bbox 1023 4173 1219 4236; x_wconf 81' lang='lat' dir='ltr'>fuisse</span> <span class='ocrx_word' id='word_1_309' title='bbox 1270 4173 1437 4235; x_wconf 88' lang='lat' dir='ltr'>illius</span> <span class='ocrx_word' id='word_1_310' title='bbox 1482 4183 1548 4235; x_wconf 88' lang='lat' dir='ltr'>et</span> <span class='ocrx_word' id='word_1_311' title='bbox 1584 4169 1830 4235; x_wconf 87' lang='lat' dir='ltr'>mendis</span> <span class='ocrx_word' id='word_1_312' title='bbox 1867 4171 2435 4257; x_wconf 81' lang='lat' dir='ltr'>inquinatissimam</span> 
     </span>
     <span class='ocr_line' id='line_1_38' title="bbox 228 4271 2429 4363; baseline 0.003 -30"><span class='ocrx_word' id='word_1_313' title='bbox 228 4277 313 4328; x_wconf 79' lang='lat' dir='ltr'>et</span> <span class='ocrx_word' id='word_1_314' title='bbox 354 4271 570 4339; x_wconf 82' lang='lat' dir='ltr'>lacunis</span> <span class='ocrx_word' id='word_1_315' title='bbox 611 4298 738 4341; x_wconf 90' lang='lat' dir='ltr'>non</span> <span class='ocrx_word' id='word_1_316' title='bbox 785 4279 942 4342; x_wconf 88' lang='lat' dir='ltr'>raris</span> <span class='ocrx_word' id='word_1_317' title='bbox 982 4298 1098 4339; x_wconf 90' lang='lat' dir='ltr'>nec</span> <span class='ocrx_word' id='word_1_318' title='bbox 1125 4296 1346 4363; x_wconf 83' lang='lat' dir='ltr'>parum</span> <span class='ocrx_word' id='word_1_319' title='bbox 1372 4275 1658 4339; x_wconf 88' lang='lat' dir='ltr'>molestis</span> <span class='ocrx_word' id='word_1_320' title='bbox 1688 4275 2091 4361; x_wconf 88' lang='lat' dir='ltr'>interruptam</span> <span class='ocrx_word' id='word_1_321' title='bbox 2117 4274 2183 4337; x_wconf 87' lang='lat' dir='ltr'>in</span> <span class='ocrx_word' id='word_1_322' title='bbox 2212 4275 2429 4339; x_wconf 86' lang='lat' dir='ltr'>arche-</span> 
     </span>
     <span class='ocr_line' id='line_1_39' title="bbox 228 4375 2427 4468; baseline 0.001 -30"><span class='ocrx_word' id='word_1_323' title='bbox 228 4377 395 4454; x_wconf 60' lang='lat' dir='ltr'>typo</span> <span class='ocrx_word' id='word_1_324' title='bbox 437 4376 537 4441; x_wconf 91' lang='lat' dir='ltr'>illo</span> <span class='ocrx_word' id='word_1_325' title='bbox 582 4391 646 4443; x_wconf 85' lang='lat' dir='ltr'>et</span> <span class='ocrx_word' id='word_1_326' title='bbox 685 4382 867 4445; x_wconf 88' lang='lat' dir='ltr'>unico</span> <span class='ocrx_word' id='word_1_327' title='bbox 912 4378 1124 4444; x_wconf 89' lang='lat' dir='ltr'>codice</span> <span class='ocrx_word' id='word_1_328' title='bbox 1173 4381 1558 4468; x_wconf 85' lang='lat' dir='ltr'>scripturam.</span> <span class='ocrx_word' id='word_1_329' title='bbox 1662 4375 1828 4442; x_wconf 88' lang='lat' dir='ltr'>unde</span> <span class='ocrx_word' id='word_1_330' title='bbox 1872 4380 2025 4442; x_wconf 87' lang='lat' dir='ltr'>satis</span> <span class='ocrx_word' id='word_1_331' title='bbox 2075 4376 2427 4442; x_wconf 89' lang='lat' dir='ltr'>sudandum</span> 
     </span>
    </p>
   </div>
  </div>
 </body>
</html>
