3064 4890
574 382 692 431 xlv
1441 365 1908 434 PRAEFATIO

574 557 753 601 cesse
810 533 1165 618 diligentius
1222 558 1572 626 exponeret
1641 537 1936 625 quoniam
1998 536 2190 602 istum
2252 535 2431 602 nobis
2498 536 2770 600 laborem

573 652 887 705 accuratus
932 662 1008 705 ea
1049 640 1128 705 de
1168 663 1237 705 re
1274 643 1475 707 nostri
1524 641 1809 708 Caesaris
1853 641 2332 706 commentarius
2384 640 2768 728 occupavit.”

567 745 724 807 haee
764 746 948 833 plane
989 742 1252 827 digitum
1289 744 1619 810 intendunt
1667 748 1738 810 in
1781 747 2006 810 librum
2046 745 2297 809 tertium
2333 744 2559 809 horum
2599 765 2767 809 com-

566 849 1029 913 mentariorum.
1130 849 1223 912 ibi
1254 850 1426 913 enim
1455 871 1494 915 a
1522 851 1801 915 sectione
1830 845 2098 914 secunda
2128 847 2212 913 ad
2241 845 2551 911 decimam
2580 847 2765 910 fissis-

562 953 727 1015 sime
764 950 1150 1015 declarantur
1191 973 1413 1017 causae
1455 974 1615 1040 quae
1657 953 2043 1038 Bryennium
2082 962 2416 1016 moverunt
2449 948 2530 1013 ad
2567 952 2765 1038 impe—

562 1056 728 1119 rium
785 1053 1222 1142 usurpandum.
1324 1059 1509 1145 paulo
1561 1069 1705 1146 post
1753 1058 1934 1122 Anna
1980 1054 2203 1120 eadem
2247 1054 2328 1119 de
2371 1051 2765 1142 expeditione

560 1160 765 1222 Alexii
808 1160 876 1222 in
922 1158 1338 1242 Bryennium,
1402 1162 1708 1248 huiusque
1750 1159 1955 1241 clade,
2006 1160 2397 1248 captivitate,
2437 1168 2504 1221 et
2542 1157 2765 1223 excae-

557 1264 807 1326 catione
839 1263 1110 1326 breviter
1133 1285 1522 1347 memorans,
1573 1266 1691 1329 aitz
1709 1270 1713 1279 '
1732 1265 1855 1330 sibi
1883 1282 2142 1328 necesse
2169 1285 2300 1327 non
2329 1259 2532 1327 videti
2565 1281 2638 1324 ea
2668 1259 2763 1325 di-

561 1367 855 1448 ligentius
898 1379 1109 1430 cuncta
1148 1370 1457 1456 persequi.
1557 1366 1628 1432 τὸ
1672 1367 1793 1456 γὰρ
1838 1365 2085 1454 ἀκριβὲς
2126 1362 2410 1454 (inquit)
2453 1369 2564 1447 τῆς
2599 1364 2764 1429 ἱστο-

504 1464 509 1471 ’
564 1471 703 1555 ρίας
725 1468 834 1534 τὸν
856 1466 1229 1565 βουλόμενον
1252 1477 1480 1554 μαθεῖν
1494 1518 1515 1550 ,
1566 1471 1631 1548 ἐς
1658 1471 1765 1537 τὸν
1789 1470 2058 1559 καίσαρα
2084 1469 2584 1556 παραπέμπομεν.
2645 1469 2764 1531 hoc

563 1567 692 1638 es't:
732 1576 932 1637 “nam
963 1572 1164 1639 fusius
1196 1588 1260 1639 et
1290 1577 1576 1640 subtilius
1599 1577 1723 1641 ista
1756 1574 2061 1663 descripta
2092 1575 2199 1660 qui
2226 1594 2415 1638 nosse
2446 1572 2762 1658 cupierint,

565 1698 677 1740 eos
707 1674 785 1738 ad
822 1676 1153 1742 Caesarem
1178 1681 1618 1743 remittimus.”
1715 1680 2051 1768 respiciunt
2071 1678 2194 1742 ista
2219 1676 2552 1741 manifeste
2587 1676 2692 1739 lib.
2719 1674 2762 1739 4

562 1782 787 1842 horum
834 1783 1447 1863 commentariorum,
1517 1783 1587 1847 in
1636 1805 1760 1869 quo
1797 1803 1837 1845 a
1876 1803 2046 1846 num.
2083 1785 2127 1846 2
2168 1780 2250 1844 ad
2302 1784 2382 1845 18
2431 1780 2589 1843 baec
2632 1789 2764 1842 tota

558 1881 939 1965 Bryenniani
982 1885 1151 1963 belli,
1205 1898 1268 1948 et
1299 1884 1601 1969 Bryennii
1626 1887 1988 1950 calamitatis
2009 1886 2268 1948 historia
2299 1882 2766 1947 distinctissime

555 1986 1093 2074 minutissimeque
1113 1986 1390 2054 traditur.
1491 1990 1650 2053 libro
1681 2011 1927 2075 quoque
1960 1985 2275 2053 Alexiadis
2301 1989 2382 2050 10
2426 2009 2489 2074 p.
2510 1990 2637 2050 271
2683 1983 2766 2049 de

555 2092 788 2177 praelio
827 2089 1047 2155 lsaacii
1089 2092 1595 2155 sebastocratoris
1639 2114 1780 2156 cum
1801 2093 2023 2157 Turcis
2050 2091 2386 2155 commisso
2414 2108 2609 2177 prope
2636 2090 2764 2152 An·

553 2194 883 2274 tiochiam,
932 2195 1034 2258 ita.
1053 2197 1265 2259 scribit
1287 2195 1496 2259 Anna:
1545 2192 1712 2273 ὅπως
1742 2195 1809 2260 δὲ
1838 2194 1910 2261 τὸ
1932 2195 2471 2281 λεπτυμερίστερον
2490 2193 2766 2257 ἐθέλοντι

545 2293 924 2379 μανθάνειν,
976 2297 1171 2375 ἕξεται
1215 2297 1335 2363 ἀπὸ
1378 2304 1502 2367 τῶν
1540 2305 1651 2364 τοῦ
1691 2304 1927 2365 κλεινοῦ
1956 2300 2250 2385 καίσαρος
2271 2291 2767 2381 συγγραμμάτων

547 2403 890 2486 atenulfo.
968 2400 1103 2466 “de
1129 2418 1252 2490 quo
1267 2406 1302 2432 '⁹
1346 2398 1682 2491 (nimirum
1710 2404 1989 2491 praelio)
2034 2403 2193 2490 “qui
2219 2400 2569 2467 distinctius
2599 2401 2764 2466 scire

543 2508 748 2587 volet,
814 2507 1005 2571 habet
1066 2509 1550 2573 commentarios
1607 2510 1805 2573 incliti
1867 2506 2153 2573 Caesaris
2208 2527 2366 2593 quos
2411 2506 2766 2571 consulat-⁶

541 2622 747 2674 exstat
788 2609 1097 2676 indicatus
1136 2612 1240 2676 his
1282 2612 1495 2677 verbis
1541 2614 1715 2677 locus
1757 2612 1826 2675 in
1873 2611 2106 2675 nostris
2141 2611 2314 2674 hisce
2342 2607 2766 2690 Bryenniauis

542 2716 1004 2778 commentariis
1050 2715 1160 2780 lib.
1200 2719 1243 2778 2
1266 2735 1458 2786 „num
1493 2718 1602 2780 29.
1702 2714 2087 2799 Bryennium
2127 2736 2346 2801 porro,
2393 2713 2538 2776 licet
2586 2710 2766 2776 indi-

540 2817 706 2880 cium
742 2819 906 2880 tituli
951 2816 1168 2882 Codici
1204 2837 1328 2882 ms.
1364 2830 1432 2882 ut
1461 2816 1629 2898 dixi,
1671 2817 1966 2898 defuerit,
2019 2838 2161 2882 esse
2188 2816 2376 2880 huius
2406 2816 2615 2902 operis
2641 2836 2768 2879 au-

542 2933 778 2985 ctorem
806 2922 957 2983 satis
990 2922 1149 2984 clare
1182 2920 1529 2986 ostenditur
1553 2919 1722 2988 lih.4
1751 2920 2049 3001 num.15,
2089 2922 2199 2984 ubi
2227 2918 2616 3001 Bryenninm
2651 2940 2766 2983 se-

544 3025 787 3086 niorem
832 3024 1007 3086 illum
1048 3025 1295 3112 imperii
1352 3022 1752 3090 candidatum
1800 3022 2247 3090 commendans
2293 3023 2586 3109 scriptor,
2638 3020 2762 3086 de·-

543 3138 823 3215 precatur
862 3129 1181 3208 vulgarem
1209 3127 1518 3192 invidiam
1548 3142 1730 3215 atque
1762 3129 2198 3217 exceptionem
2225 3127 2478 3207 allegari
2501 3127 2759 3190 solitam

540 3232 609 3295 in
654 3228 844 3293 fidem
880 3252 1096 3296 eorum
1137 3232 1243 3317 qui
1289 3230 1370 3296 de
1413 3234 1599 3297 rebus
1639 3234 1908 3321 propriis
1947 3230 2030 3296 ad
2069 3251 2369 3320 personas
2397 3230 2762 3295 familiana

540 3335 825 3422 ipsorum
882 3335 1330 3422 pertinentibus
1397 3348 1667 3400 narrant.
1783 3358 1906 3422 quo
1960 3336 2115 3401 satis
2177 3334 2487 3416 significat
2539 3335 2763 3410 istum,

540 3459 729 3524 quem
763 3435 923 3502 adeo
949 3439 1190 3503 extollit
1212 3438 1630 3522 Bryennium,
1679 3451 1784 3504 aut
1809 3453 2047 3528 patrem
2065 3487 2082 3519 ,
2125 3436 2296 3524 quod
2321 3438 2512 3504 habet
2535 3436 2764 3504 zona-

533 3563 668 3622 ras,
715 3553 854 3622 aut,
896 3553 964 3604 ut
993 3544 1167 3606 Anna
1188 3543 1398 3608 verius
1424 3546 1721 3622 affirmat,
1763 3564 1954 3608 avum
1982 3563 2166 3608 suum
2191 3542 2410 3607 fuisse.
2509 3537 2595 3604 de
2626 3563 2762 3626 quo

532 3644 722 3725 vide,
776 3646 832 3709 si
864 3647 1064 3725 lubet,
1115 3657 1298 3711 notas
1339 3660 1588 3712 nostras
1624 3646 1706 3711 ad
1741 3668 1915 3712 num.
1949 3651 2032 3712 12
2073 3656 2138 3711 et
2183 3648 2263 3710 13
2302 3642 2480 3714 lib-4
2519 3645 2760 3711 horum

529 3749 1133 3813 commentariorum.

733 3851 852 3915 Per
882 3854 1038 3916 haec
1069 3873 1185 3933 ego
1215 3850 1461 3917 abunde
1491 3874 1858 3942 persuasus,
1910 3873 2054 3918 esse
2083 3852 2243 3917 istos
2276 3850 2538 3916 omnino
2571 3869 2754 3913 com·

522 3956 864 4019 mental-ios
897 3955 1185 4020 Caesaris
1212 3955 1546 4039 Bryennii‚
1596 3958 1678 4021 iis
1710 3957 1940 4045 raptim
1971 3951 2432 4048 exscribendis,
2481 3975 2602 4040 pro
2631 3973 2752 4020 an·

525 4059 747 4139 gustiis
772 4061 1051 4123 concessi
1072 4061 1409 4148 temporim,
1453 4081 1711 4124 manum
1733 4072 1798 4124 et
1824 4061 2105 4124 animum
2130 4059 2419 4147 applicui.
2513 4057 2588 4122 iu
2618 4074 2750 4140 quo

522 4160 864 4225 dulcissimi
909 4152 1117 4227 fratris
1161 4163 1292 4230 mei
1337 4175 1402 4227 et
1438 4165 1724 4228 unanimi
1764 4169 2056 4249 memmii
2097 4162 2167 4227 P.
2195 4159 2444 4228 Claudii
2467 4157 2748 4224 Halasit

523 4265 759 4329 auxilio
791 4267 1097 4331 benevolo
1130 4288 1272 4330 sum
1297 4288 1470 4332 usus.
1559 4268 1817 4354 quoties
1861 4268 2034 4332 enim
2077 4262 2490 4331 ineluctabilis
2521 4280 2744 4330 neces-

456 4447 461 4452 ·
526 4369 678 4431 sitas
710 4370 940 4451 stylum
972 4379 1035 4433 et
1060 4371 1302 4435 tabulas
1331 4373 1756 4459 extorquebat,
1789 4372 1897 4437 ille
1921 4369 2411 4437 succentus-iubat
2441 4365 2740 4433 vicariam
