3064 4890
1112 362 1230 432 DE
1278 362 1679 434 camme.
2353 380 2488 430 nv

310 531 541 603 serendi
563 556 702 600 sese
729 535 917 600 offert
939 534 1201 600 occasio.
1300 547 1463 600 certe
1490 535 1558 600 in
1588 536 1713 601 isto
1737 556 1957 624 opere,
2008 546 2078 599 ut
2097 533 2166 600 in
2196 556 2490 601 enarran-

309 639 400 704 dis
442 637 821 704 Graecorum
862 640 1056 721 gestis
1090 638 1353 703 nimium
1391 641 1513 704 sibi
1540 639 1787 705 videtur
1820 638 2183 719 indulsisse,
2233 638 2384 705 dum
2407 660 2487 705 ea

305 743 475 824 longe
511 744 783 821 maiora,
854 760 1044 828 quam
1079 753 1282 823 erant,
1330 744 1509 823 facit,
1557 743 1647 807 ita
1682 744 1752 806 in
1784 743 2108 830 pontifices
2143 743 2487 823 Romanos,

302 845 695 933 imperatores
722 844 1161 925 Germanicos,
1212 856 1395 931 atque
1416 844 1576 910 adeo
1607 848 1677 910 in
1701 846 1957 910 Latinos
1983 866 2238 925 omnes,
2279 868 2363 912 ex
2391 847 2494 910 in·-

306 960 446 1013 nato
474 947 869 1013 Graecanicis
893 948 1159 1030 ingeniis
1185 949 1251 1011 in
1278 949 1418 1012 illos
1448 947 1597 1011 odio
1615 998 1633 1027 ‚
1687 970 1796 1012 seu
1824 944 2030 1036 potius
2054 949 2325 1029 invidia,
2374 969 2493 1037 pa-

304 1073 435 1115 rmn
459 1071 695 1137 aequus
708 1100 727 1131 ,
768 1052 969 1115 immo
1002 1072 1247 1141 semper
1266 1063 1332 1114 ct
1359 1053 1580 1116 acriter
1605 1054 2021 1140 intemperans
2043 1063 2163 1116 est.
2261 1049 2375 1117 sed
2399 1049 2491 1133 id,

304 1164 368 1217 ut
408 1151 538 1218 dixi
552 1204 571 1235 ,
628 1176 759 1219 non
792 1152 1097 1219 cinnamo
1128 1154 1453 1235 duntaxat,
1491 1153 1606 1221 sed
1634 1156 1851 1219 ceteris
1879 1157 2068 1219 etiam
2095 1156 2492 1244 scriptoribus

303 1254 542 1321 Graecis
583 1279 702 1323 seu
737 1255 1103 1341 Byzantinis
1150 1258 1455 1322 familiare
1503 1268 1620 1322 est.
1714 1258 1967 1322 militari
1996 1257 2202 1322 studio
2235 1278 2495 1347 operam

303 1358 542 1424 dedisse
612 1359 1014 1441 cinnamum,
1088 1381 1172 1424 ex
1218 1361 1554 1448 ipsiusmet
1607 1360 1850 1447 scriptis
1899 1362 2183 1441 arguitur.
2283 1361 2495 1424 scribit

300 1464 459 1526 enim
484 1464 601 1527 lib.
622 1467 655 1528 1
688 1483 821 1552 cap.
838 1466 895 1543 1,
926 1483 995 1527 se
1020 1460 1287 1528 vixdum
1313 1462 1770 1527 adolescentem
1798 1484 1922 1526 una
1946 1484 2085 1526 cum
2108 1462 2404 1527 Mauu‘e'le
2423 1463 2495 1526 in

300 1578 621 1653 utramque
648 1568 1064 1631 continentem
1087 1569 1430 1654 profectum
1452 1586 1597 1631 esse
1610 1613 1629 1644 ,
1677 1564 1971 1652 initisque
1990 1567 2060 1630 in
2082 1567 2162 1630 iis
2191 1566 2369 1629 bellis
2391 1567 2496 1628 in-

298 1670 579 1734 terfuisse
600 1691 622 1732 t
669 1670 793 1734 ἐπεὶ
831 1671 933 1733 καὶ
978 1666 1147 1733 ιη’)’πω
1178 1671 1471 1756 μειρακίῳ
1500 1693 1567 1754 γε
1604 1665 1731 1733 ὄντι
1760 1693 1868 1751 μοι
1899 1670 2184 1744 πλείστας
2216 1669 2500 1733 συνεκδε-

300 1772 631 1856 δημηκέναε
680 1772 741 1836 oi
783 1777 907 1838 τῶν
947 1775 1033 1849 εἰς
1068 1770 1323 1859 ἤπειρον
1360 1769 1649 1859 ἑκατέραν
1688 1772 2034 1854 συνέβαινεν
2063 1772 2497 1858 ἓκστρατειῶνς

301 1886 359 1938 et
376 1878 481 1942 lib.
507 1877 550 1940 5
594 1895 729 1963 cap.
755 1878 836 1941 18
868 1876 957 1939 ait
983 1896 1054 1940 se
1080 1876 1148 1939 in
1175 1875 1482 1940 Manue'lis
1522 1872 1816 1939 comitatu
1863 1877 2092 1954 fuisse,
2151 1896 2291 1938 cum
2325 1876 2500 1940 Zeu-

303 1981 578 2060 gminum
614 1978 1014 2066 oppugnavit.
1082 1974 1348 2066 denique
1373 1979 1624 2044 Nicetes
1655 1980 1794 2043 loco
1832 1977 2081 2043 laudato
2112 1989 2366 2042 testatur
2391 1975 2501 2041 lo-

305 2101 520 2145 annem
568 2079 976 2163 cinnamum,
1029 2102 1214 2167 quem
1258 2078 1540 2163 Κινάμον
1565 2077 1848 2164 Ἰωάννην
1885 2092 2070 2146 vocat
2083 2128 2102 2162 ,
2152 2079 2503 2145 Andronico

306 2184 603 2268 Tyranno
628 2185 953 2264 militasse,
984 2206 1124 2247 cum
1157 2184 1235 2248 ad
1261 2184 1609 2272 Lopadium
1639 2185 1707 2248 in
1723 2182 2019 2267 Bithynia
2053 2195 2247 2248 castra
2272 2183 2505 2271 posuit.

307 2285 461 2351 unde
489 2291 659 2352 forte
688 2288 945 2352 miretur
978 2289 1232 2374 aliquis,
1281 2287 1448 2374 quod
1475 2290 1579 2354 vir
1601 2289 1786 2352 rebus
1812 2289 2080 2367 bellicis,
2129 2288 2504 2372 militarique

313 2392 505 2456 officio
552 2402 693 2456 tota
740 2391 874 2456 vita
915 2411 1026 2454 sua
1067 2389 1403 2480 impeditus
1422 2440 1440 2470 ,
1501 2391 1659 2473 regii
1702 2411 1813 2455 seu
1864 2391 2076 2479 potius
2119 2388 2507 2479 imperatorii

312 2494 691 2576 grammatici
710 2515 938 2559 munus
967 2495 1190 2559 obierit
1207 2541 1226 2575 ,
1277 2494 1442 2582 quod
1471 2494 1646 2558 idem
1669 2497 1789 2558 fuit
1811 2516 1883 2557 ac
1907 2495 2134 2558 notarii
2160 2515 2271 2559 seu
2302 2513 2506 2558 secre-

318 2600 468 2662 tarii.
559 2618 713 2661 nam
729 2645 747 2678 ,
788 2609 859 2661 ut
899 2610 1110 2662 auctor
1143 2610 1241 2663 est
1275 2599 1701 2680 Hieronymus
1739 2595 1968 2662 Blanca
2011 2598 2082 2660 in
2118 2598 2378 2684 prologo
2424 2592 2508 2657 ad

322 2697 808 2765 Commentarios
836 2721 1041 2764 rerum
1075 2702 1579 2783 Aragonensium,
1603 2743 1606 2746 -
1632 2700 1812 2788 “ipsi
1850 2699 2097 2779 notarii,
2150 2719 2220 2761 ac
2251 2697 2507 2786 privile-

312 2804 549 2886 giorum
574 2801 941 2868 huiusmodi
967 2806 1313 2892 scriptores,
1347 2815 1481 2867 tum
1508 2804 1745 2867 scribae
1769 2803 1941 2885 regii,
1981 2814 2114 2866 tum
2137 2813 2200 2865 et
2225 2799 2509 2887 quando-

313 2929 428 2993 que
448 2908 839 2990 grammatici
862 2928 1077 2989 regum
1104 2908 1415 2996 appellari,
1430 2905 1668 2972 Graeco
1685 2908 1940 2971 nominc
1957 2917 2217 2984 retento,
2242 2923 2506 2967 consue-

313 3014 587 3075 verunt?
650 3022 835 3097 atque
855 3010 973 3073 hac
996 3011 1250 3075 notione
1275 3015 1698 3096 γραμματικοῦ
1720 3031 1943 3075 vocem
1972 3028 2300 3096 usurpasse
2322 3005 2507 3071 vide-

312 3123 410 3177 tur
448 3114 870 3196 Pachymeres
916 3115 1023 3177 lib.
1053 3118 1085 3178 1
1129 3136 1260 3202 cap.
1295 3117 1375 3178 19
1415 3114 1522 3177 lib.
1552 3118 1592 3178 8
1636 3133 1769 3201 cap.
1802 3116 1878 3177 11
1927 3125 1990 3176 et
2027 3114 2132 3175 lib.
2163 3112 2205 3175 5
2242 3125 2373 3197 cap.
2399 3112 2503 3175 26.

315 3237 470 3302 quac
499 3215 758 3303 quidem
783 3218 1112 3303 appellatio
1139 3217 1395 3281 notariis
1418 3213 1616 3280 indita
1644 3227 1756 3295 est,
1791 3214 1957 3301 quod
1980 3213 2046 3277 id
2070 3215 2340 3277 muneris
2363 3214 2509 3275 lite-

316 3331 482 3384 ratos
507 3319 911 3407 potissimum
933 3322 1105 3384 viros
1133 3331 1465 3408 spectaret:
1516 3340 1694 3398 nam,
1744 3331 1813 3381 ut
1837 3320 1927 3381 ait
1955 3314 2299 3383 Diomedes
2331 3315 2439 3378 lib.
2467 3318 2513 3377 2

323 3420 398 3486 de
430 3434 569 3486 arte
596 3433 918 3503 grammat.
956 3423 1425 3503 “grammaticus
1461 3424 1651 3487 latine
1687 3421 1966 3485 literatus
1995 3432 2091 3484 est
2120 3418 2516 3507 appellatus.”

321 3526 705 3607 grammatici
730 3527 919 3607 igitur
943 3526 1324 3613 imperatorii
1350 3524 1619 3607 dignitas
1646 3525 1917 3612 palatina
1943 3525 2093 3604 fuit,
2152 3522 2272 3584 etsi
2311 3521 2382 3584 in
2411 3539 2519 3583 ca-

323 3630 549 3710 talogis
587 3629 934 3694 officiorum
978 3631 1154 3692 aulae
1186 3628 1900 3715 Constantinopolitanae
1927 3627 2090 3690 nulla
2114 3626 2278 3688 illius
2309 3645 2522 3687 occur-

323 3743 421 3794 rat
444 3732 707 3797 mentio.
809 3729 1096 3796 Ginnami
1126 3733 1455 3795 historiam
1481 3734 1722 3820 primus
1754 3753 1792 3794 e
1813 3731 2158 3797 vaticanae
2185 3727 2521 3791 bibliothe-

327 3853 437 3896 cae
482 3832 713 3898 Codice
752 3836 1077 3922 exscripsit
1118 3834 1366 3900 Isaacus
1401 3834 1675 3899 Vossius
1717 3834 2178 3918 maioribusque
2215 3821 2520 3893 distentus

332 3938 489 4000 curis
519 3935 807 4001 Cornelio
830 3937 889 4001 T
891 3939 1038 4002 ollio
1054 3937 1481 4004 Ultraiectensi
1508 3935 1764 4001 tradidit
1786 3937 1966 4002 Latio
1993 3931 2345 3999 donandam
2371 3954 2521 4020 pro·

332 4037 769 4126 ferendamque
801 4039 869 4102 in
894 4042 1113 4104 lucem.
1177 4041 1338 4103 hanc
1376 4040 1485 4103 ille
1514 4037 1769 4103 tandem
1793 4040 2002 4104 emisit
2028 4036 2523 4104 Traiectensibus

340 4141 501 4228 typis
529 4163 696 4206 anno
728 4140 895 4210 1652
927 4165 1067 4207 cum
1100 4143 1437 4208 levioribus
1478 4143 1712 4229 aliquot
1750 4144 1948 4224 notis,
2002 4161 2159 4228 quae
2204 4160 2331 4202 non
2365 4135 2523 4200 tan‘ti

340 4243 512 4308 visae
549 4256 724 4325 sunt,
787 4257 859 4307 ut
894 4267 1002 4310 eas
1042 4246 1185 4310 huic
1226 4244 1628 4326 adiungerem
1667 4243 1958 4326 editioni,
2007 4264 2148 4306 cum
2190 4241 2347 4305 nihil
2392 4242 2523 4303 fere

346 4364 554 4413 eorum
577 4368 739 4436 (prae
762 4345 848 4412 ad
880 4349 1177 4415 historiae
1202 4347 1598 4415 Ginnamicae
1624 4347 2091 4415 illustrationem
2117 4354 2225 4409 aut
2249 4345 2524 4409 locorum
