3064 4890
646 993 1528 1066 SERENISSIMAE
1604 998 2148 1067 DOMINAE

308 1154 1294 1269 CHRISTINAE
1382 1160 2501 1271 ALEXANDRAE

993 1369 1046 1443 S
1077 1362 1241 1449 UE
1280 1371 1342 1447 C
1374 1371 1447 1449 Ο
1479 1373 1555 1450 R
1581 1372 1656 1449 U
1681 1374 1805 1467 M,

446 1502 1223 1583 GOTTHORUM
1271 1509 1421 1584 ET
1474 1507 2356 1588 WANDALORUM

718 1675 2070 1766 REGINAE

909 1861 1315 1941 PETRUS
1378 1864 1878 1942 POSSINUS

645 1997 697 2051 n
782 1998 985 2055 soc.
1075 1999 1314 2055 msu
1401 2000 2144 2060 rnmcl'rA'rnm„

290 2368 473 2481 Non
524 2418 696 2482 solus
745 2417 935 2484 venio
987 2440 1110 2505 quo
1162 2416 1607 2502 benignissime
1653 2416 1919 2485 invitare
1969 2415 2222 2501 dignata
2271 2438 2361 2498 es,
2412 2414 2496 2483 ad

288 2522 478 2584 istam
526 2522 597 2586 in
646 2522 803 2588 Tuis
855 2544 1050 2611 nuper
1097 2523 1406 2588 Romanis
1455 2524 1691 2611 exponi
1718 2534 2004 2611 coeptam
2030 2521 2289 2587 aedibus
2319 2524 2494 2585 locu-

289 2626 702 2711 pletissimam
753 2637 817 2689 et
864 2648 1013 2690 vere
1060 2628 1299 2708 regiam
1344 2626 1788 2690 bibliothecam
1835 2638 2027 2707 tuam,
2076 2625 2492 2691 serenissima

289 2727 556 2809 Regina.
657 2729 937 2812 adiungit
979 2752 1057 2793 en
1100 2751 1169 2795 se
1206 2731 1366 2794 ultro
1395 2729 1559 2792 mihi
1586 2730 1881 2794 comitem
1904 2731 2349 2794 tranmarinus
2375 2725 2491 2792 ad-

290 2851 483 2911 vena,
531 2831 728 2897 homo
761 2834 1072 2920 quantivis
1098 2835 1322 2922 pretii3
1372 2854 1410 2896 a
1434 2845 1652 2897 natura
1680 2834 1999 2915 incertum,
2051 2854 2132 2897 an
2157 2854 2196 2895 a
2221 2835 2488 2913 fortuna,

289 2955 369 2997 an
410 2956 449 2998 a
486 2937 716 3000 virtute
753 2936 1337 3001 commendabilior:
1386 2958 1576 3023 quem
1622 2938 1730 3000 ubi
1776 2941 2207 3017 nominavero,
2258 2936 2487 3016 statim,

289 3039 457 3118 scio,
503 3037 889 3104 admissione
939 3039 1193 3122 dignum
1234 3041 1635 3128 hospitioque
1678 3039 2006 3106 iudicabis.
2101 3040 2489 3127 Nicephorus

286 3142 390 3234 hic
441 3154 537 3210 est
585 3141 967 3224 Bryennius,
1019 3142 1315 3225 dignitate
1366 3142 1631 3224 Caesar,
1675 3146 2076 3211 matrimonio
2115 3143 2329 3207 Annae
2360 3140 2488 3207 Co-

288 3266 555 3309 mnenae
589 3249 854 3327 coniux,
903 3245 1282 3328 gubernandi
1333 3268 1447 3311 usu
1491 3259 1555 3310 et
1606 3250 1910 3335 sapientia
1955 3249 2321 3336 praeclarus,
2371 3267 2488 3308 ex-

289 3351 516 3413 cellens
566 3350 819 3413 militari
857 3349 1248 3428 fortitudine,
1318 3352 1552 3437 pietate
1608 3372 1679 3412 ac
1740 3352 2040 3434 religione
2088 3349 2485 3438 praecipuus3

288 3450 556 3538 denique
607 3453 708 3518 vir
748 3464 988 3533 tantus,
1049 3464 1118 3516 ut
1165 3454 1326 3518 inter
1377 3455 1511 3518 eius
1554 3455 1820 3519 illustres
1871 3454 2051 3518 dotes
2101 3465 2164 3517 et
2214 3453 2485 3515 celebra—

288 3557 565 3621 tissimas
614 3555 830 3620 laudes
879 3557 987 3620 illa
1032 3578 1232 3645 paene
1282 3560 1565 3622 omnium
1615 3568 1933 3622 censeatur
1995 3558 2242 3634 infima,
2314 3551 2485 3640 quod

283 3658 666 3724 eruditorum
726 3672 789 3723 et
840 3657 1207 3726 disertorum
1251 3662 1349 3724 sui
1398 3662 1627 3724 saeculi
1676 3662 1959 3749 princeps
2011 3671 2106 3724 est
2155 3658 2480 3722 existima-

284 3773 404 3826 tus.
451 3764 599 3826 huic
644 3765 750 3826 tali
792 3783 864 3826 ac
899 3775 1072 3828 tanto
1113 3762 1412 3829 veniendi
1455 3762 1537 3826 ad
1573 3766 1965 3828 maiestatem
1995 3762 2207 3825 Tuam
2250 3759 2481 3847 duplex

284 3886 469 3930 causa
506 3876 623 3930 est.
721 3888 872 3930 nam
921 3879 984 3931 et
1034 3867 1128 3931 Te
1178 3870 1341 3931 claro
1391 3870 1599 3930 famae
1647 3868 1978 3955 praeconio
2015 3866 2228 3953 procul
2262 3863 2476 3944 cogni-

282 3979 415 4031 tam
460 3971 670 4034 visere
719 3991 791 4034 ac
838 3973 1123 4034 venerari
1162 3993 1368 4034 coram
1404 3971 1624 4052 gestit,
1674 3972 1951 4051 reginam
2001 3970 2172 4050 regio
2223 3967 2474 4047 fastigio

282 4072 627 4152 maiorem3
672 4072 739 4135 in
782 4094 901 4162 qua
944 4076 1281 4139 claritatem
1320 4076 1621 4138 natalium
1659 4076 1842 4157 longe
1881 4073 2241 4150 maximam,
2293 4082 2476 4155 atque

286 4172 449 4239 adeo
499 4189 853 4258 augustam,
904 4179 1136 4259 ingenii
1153 4227 1172 4257 ,
1225 4178 1597 4266 sapientiae,
1644 4176 1970 4241 factmdiae
2002 4174 2180 4240 dotes
2206 4194 2477 4259 exsupe-

287 4289 458 4341 rant:
509 4291 575 4343 et
619 4279 843 4346 harum
881 4303 1090 4358 rursus
1124 4281 1400 4371 ipsarum
1439 4281 1906 4346 micantissimis
1945 4282 2087 4345 licet
2121 4279 2474 4353 luminibus,
