3064 4890
87 45 104 352 ⁴=—-—=u-·—=r-—=-r

507 334 598 402 m
626 332 1104 403 msronum
1127 332 1471 403 IOANNIS
1501 311 1853 404 omum
1877 312 2183 407 NOTAE.
2296 339 2446 411 329

272 523 323 562 ω,-
343 522 406 561 ea
415 511 621 582 parte,
667 502 962 580 quoniam
991 522 1184 583 agger
1211 522 1336 561 esse
1357 522 1482 561 non
1496 504 1728 581 potuit,
1762 514 2013 583 propter
2025 506 2447 586 frequentiam
2560 483 2565 492 .

262 598 483 669 portus,
529 606 709 666 quem
737 586 918 645 habet
941 591 1315 647 tutissimum
1345 608 1422 646 ac
1451 587 1917 660 celeberrimum,
1961 594 2126 648 muri
2151 603 2299 651 sunt
2323 593 2445 652 alti

269 670 648 733 adnuit-andan
677 672 1129 751 spissitudinis,
1174 684 1233 733 et
1265 685 1466 732 turres
1499 671 1746 749 densae,
1804 673 2058 734 eductae
2085 675 2175 736 ad
2202 689 2445 737 tantam

267 756 692 834 celsitudinem,
758 769 831 816 ut
873 762 1080 839 quivis
1118 761 1188 818 in
1229 759 1467 818 culmen
1506 761 1785 839 ipsarum
1828 772 2139 841 aspectum
2181 762 2445 844 dirigere

259 843 668 925 perhorrescat.
757 842 834 903 de
877 846 1139 906 turrium
1188 863 1441 905 numero
1483 844 1626 910 vida
1670 845 2122 927 descriptionem
2163 850 2332 929 Cpol.
2366 868 2443 909 ex

265 929 713 991 Bondehnontio.

395 1052 458 1114 p.
395 1031 590 1114 Ρ75
634 1051 697 1093 v.
746 1034 841 1095 13.
947 1026 1096 1111 ταχυ
1147 1027 1401 1113 ὃιαβοῖς]
1461 1030 1661 1091 Inviso
1704 1040 1767 1091 et
1803 1031 2130 1093 insalutato
2172 1032 2446 1096 ΜοιιιιὲΙο

269 1117 503 1178 diwsit
545 1125 608 1176 et
652 1117 717 1176 in
749 1115 960 1175 'Asiam
999 1116 1241 1180 transiit
1269 1116 1614 1193 Conradus,
1670 1116 1812 1175 licet
1853 1115 1961 1196 per
1999 1137 2139 1177 suos
2164 1119 2446 1180 Aleman-

267 1204 356 1263 niei
403 1202 663 1283 Augusti
709 1201 1071 1279 colloquium
1123 1210 1183 1261 et
1243 1222 1623 1282 congressum
1675 1203 2014 1281 expetiisset
2062 1205 2448 1283 Byzantinus.

269 1287 576 1366 adalim,
612 1287 813 1366 inquit
835 1288 970 1347 Odo
1000 1287 1075 1346 de
1099 1288 1343 1367 Diogilo,
1390 1286 1636 1370 ingredi
1667 1290 1999 1367 civitatem,
2044 1291 2218 1348 alius
2244 1289 2450 1370 egredi

267 1377 478 1451 thuait,
547 1384 663 1432 aut
682 1374 918 1454 noluit,
957 1384 1018 1432 et
1044 1385 1254 1442 neuter
1270 1394 1388 1453 pro
1418 1377 1610 1433 altero
1641 1394 1836 1432 mores·
1864 1395 2044 1451 suos,
2086 1386 2207 1434 παι
2216 1377 2448 1457 fastus

264 1419 728 1519 consuetudinem
756 1462 1123 1539 temperavit.
1206 1459 1461 1539 proinde
1503 1458 1649 1518 hinc
1694 1460 1984 1520 refellitur
2028 1461 2281 1540 Tyrius,
2343 1463 2446 1540 qui

262 1545 752 1625 Constantinopoli
775 1544 1045 1606 habitum
1072 1563 1107 1603 a
1136 1545 1415 1605 Conrado
1454 1564 1594 1605 cum
1622 1543 1900 1606 ΜαυιιὲῙο
1930 1546 2219 1608 familiare
2254 1548 2443 1608 collo-

260 1632 439 1709 quium
465 1630 679 1693 tradit.

403 1753 467 1813 Ρ.
512 1736 598 1799 80
644 1752 707 1795 v-
750 1736 855 1798 23
941 1725 1331 1811 ἀκολούθου]
1388 1732 1707 1811 Perperam
1743 1729 1970 1793 Tollius
2010 1731 2448 1813 pedissequum

261 1818 457 1899 vertit3
508 1817 577 1877 id
617 1817 774 1878 enim
816 1818 1096 1878 vocabuli
1142 1818 1304 1899 apud
1346 1819 1602 1877 Graecos
1644 1817 2001 1896 Byzantinos
2033 1819 2443 1900 Varangorum

262 1901 455 1962 ducem
479 1922 585 1963 seu
606 1905 974 1983 praefectum
1008 1903 1310 1983 designat,
1376 1903 1453 1963 de
1485 1919 1605 1981 qua
1628 1903 1890 1983 palatina
1921 1904 2211 1984 dignitate
2250 1907 2443 1965 multa

260 1989 502 2048 Godinus
529 1989 605 2049 de
621 1989 735 2050 Off.
766 2010 817 2050 c.
833 1991 873 2056 4
895 1998 955 2049 et
977 1990 1017 2055 5
1047 1998 1109 2048 et
1135 2010 1243 2049 nos
1271 1988 1563 2068 quaedam
1593 1988 1669 2048 ad
1685 1987 1976 2050 Villhard.
2009 2000 2070 2050 et
2096 1991 2175 2050 ad
2187 1989 2443 2052 Annam.

260 2075 523 2155 Scylitzes
575 2095 641 2155 Ρ.
681 2079 839 2142 787:
907 2075 1199 2139 στέλλεται
1236 2109 1324 2121 -
1362 2071 1618 2156 Μιχαηλ
1656 2077 1971 2158 πατρίκιος
2005 2074 2045 2139 o‘
2086 2070 2443 2153 ἆκὸλουθος.

260 2159 525 2222 eirmamo
565 2161 688 2226 1.3
746 2156 1176 2241 πελεκυφόρων
1216 2154 1482 2243 ἐξάρχων
1523 2159 1783 2236 dicitur,
1853 2169 1916 2220 et
1965 2162 2171 2221 Annae
2212 2184 2273 2243 Ρ.
2324 2163 2445 2230 195

263 2268 441 2326 αρχων
463 2246 822 2329 Βαραγγίας.
884 2246 1215 2307 Willelmus
1238 2247 1486 2326 Tyrius.
1529 2244 1877 2305 tradiderat
1903 2259 2106 2307 autem
2142 2250 2446 2309 Constan-

261 2333 690 2410 titiopolitanus
719 2330 1051 2391 discedenti
1079 2331 1159 2391 ab
1183 2353 1281 2407 e0,
1328 2343 1384 2390 et
1412 2328 1535 2388 id
1509 2352 1717 2411 tpsum
1734 2335 1995 2411 petenti,
2038 2330 2283 2393 domino
2323 2336 2450 2392 im-

257 2420 538 2497 peratori,
580 2420 720 2479 viae
749 2415 963 2497 duces,
1020 2418 1295 2477 Iocorum
1311 2419 1584 2496 peritos,
1639 2420 2104 2497 provinciarum
2126 2420 2449 2501 finitima-

247 2523 388 2561 ¹rum
411 2525 643 2563 omnem
664 2503 945 2564 habentes
956 2502 1393 2584 prudentiam,
1435 2500 1720 2581 sedfldei
1744 2501 2035 2567 modicae.
2083 2504 2122 2564 l.
2152 2510 2231 2569 16
2261 2525 2310 2564 c.
2345 2509 2449 2581 22,

265 2587 425 2648 Gesta
457 2590 616 2650 Lud.
656 2589 766 2650 Vn
817 2610 871 2657 c.
907 2595 946 2654 6
979 2595 1020 2655 7
1066 2598 1128 2649 et
1156 2593 1216 2654 8.
1301 2596 1377 2647 ut
1406 2607 1594 2668 porro
1636 2587 2025 2664 Theutonici,
2086 2591 2451 2649 Graecorum

267 2672 487 2754 fraude,
540 2674 608 2735 in
644 2685 844 2736 vastas
876 2674 1122 2735 deducti
1148 2673 1532 2751 solitudines,
1593 2692 1885 2733 summam
1917 2676 2180 2756 perpessi
2204 2674 2328 2735 sint
2352 2674 2451 2735 in-

268 2760 472 2840 opiam,
513 2762 725 2820 multis
742 2770 1195 2841 prosequuntur
1221 2760 1439 2840 Tyrius
1483 2769 1545 2818 et
1573 2760 1709 2819 odo
1733 2761 1809 2819 ‹le
1835 2760 2082 2839 Diogilo.

414 2884 473 2943 p.
503 2869 582 2932 81
633 2884 694 2927 V.
741 2870 842 2932 11.
927 2859 1362 2946 Μαμπλᾶνης]
1408 2860 1651 2921 Nicetae
1697 2862 1741 2923 l.
1769 2869 1803 2928 1
1852 2883 1914 2925 n.
1954 2866 1994 2927 6
2056 2856 2454 2943 Παμπλᾶνος,

270 2946 534 3010 willelmo
565 2950 750 3029 Tyrio
792 2950 926 3010 loco
969 2951 1154 3011 citato
1189 2952 1536 3007 Par-amum
1581 2957 1983 3027 nuncupatur.
2067 2948 2214 3007 lucio
2252 2959 2453 3007 tamen

271 3045 419 3092 tanto
448 3039 720 3116 negotia,
763 3036 845 3094 ait
865 3036 1111 3115 Tyrius,
1156 3032 1471 3093 Soldanus
1502 3033 1831 3092 Iconiensis
1859 3056 1980 3094 non
2008 3035 2316 3114 interfuit,
2347 3032 2457 3092 sed

272 3117 504 3198 quidam
541 3121 773 3181 nobilis
815 3123 1079 3180 militiae
1120 3141 1273 3178 suae
1360 3120 1742 3197 rimie-erius,
1813 3121 2147 3179 Tur-corum
2185 3141 2453 3199 magnus

274 3216 539 3286 satrapa,
603 3210 949 3266 Paramum
990 3204 1227 3282 dictus,
1284 3141 1370 3262 hp
1330 3224 1446 3262 cmc
1479 3204 1747 3286 plagam
1793 3204 2038 3264 domino
2068 3210 2453 3286 permittente

275 3295 573 3437 εῆσῖιῖιηῖ
607 3290 841 3351 accidit
873 3303 1079 3355 autem
1112 3312 1271 3351 anno
1297 3288 1423 3349 ab
1398 3310 1637 3352 meam.
1665 3288 1727 3352 d.
1755 3290 1920 3356 1146
1954 3290 2088 3370 (leg.
2118 3290 2228 3373 47)
2260 3312 2453 3349 mense

331 3397 395 3437 ον
513 3381 588 3438 η’.

418 3499 476 3559 Ρ.
505 3484 588 3546 82
618 3499 682 3540 v·
710 3480 773 3546 5.
859 3475 897 3542 d
925 3474 992 3543 δὲ
1018 3483 1142 3543 τῶν
1169 3482 1496 3563 Γερμανων
1528 3474 1677 3558 ρηξ]
1721 3478 1809 3537 De
1832 3476 2215 3556 expeditione
2240 3474 2449 3534 Ludo-

279 3560 382 3620 vici
401 3564 502 3624 vn
526 3565 903 3625 Francorum
925 3565 1079 3644 regis
1101 3566 1166 3624 iu
1189 3575 1418 3626 terram
1447 3572 1714 3625 sanctam
1741 3561 2087 3623 consulendi
2111 3581 2293 3641 supra
2310 3560 2446 3620 lau-

284 3643 389 3706 ‹hti
409 3650 739 3731 scriptores.
824 3650 1170 3730 priusquam
1206 3670 1355 3711 vero
1392 3649 1735 3710 Ludovicus
1766 3649 1971 3709 itineri
2007 3648 2072 3707 iu
2100 3648 2448 3706 Romaniam

281 3747 385 3790 sese
405 3737 760 3817 accingeret,
802 3735 1083 3796 Milonem
1111 3736 1187 3795 de
1212 3736 1509 3815 Caprosia‚
1553 3755 1661 3807 seu¹
1685 3732 1760 3792 de
1791 3734 2143 3805 Clzeureuse,
2183 3732 2451 3806 militem,

281 3812 506 3894 legatum
531 3843 691 3885 anno
717 3821 1026 3920 superiore
1058 3822 1327 3896 miserat,
1383 3821 1487 3898 qui
1529 3832 1593 3880 et
1624 3821 1947 3879 transitum
1974 3838 2084 3900 per
2119 3816 2450 3892 Thraciam,

283 3908 339 3958 et
362 3917 733 3968 comeatum
761 3907 861 3966 im
843 3915 1134 3986 mtraret:
1176 3864 1341 3985 quod
1362 3907 1462 3965 ille
1483 3906 1732 3984 benigne
1763 3905 2088 3979 concessit,
2129 3903 2353 3983 scripta
2379 3861 2458 3963 ad

287 4002 454 4063 regem
491 3993 862 4071 perofficiose
900 3993 1148 4072 epistola
1192 3994 1303 4052 sub
1342 4011 1606 4051 mensem
1648 3992 2017 4070 Augustum,
2075 4007 2230 4068 quae
2262 3998 2459 4050 exstat

286 4074 424 4150 ⁸Pud
450 4077 765 4139 lindulfum
790 4078 865 4138 de
892 4079 1097 4139 Diceto
1123 4079 1185 4137 in
1214 4077 1816 4139 Abbrev.Ch1·on.A.
1845 4076 2030 4153 1146

430 4197 489 4242 V·
507 4184 571 4245 8.
653 4176 799 4256 τούς
830 4202 895 4244 τε
919 4178 1035 4263 reio
1070 4180 1400 4262 βασιλέως]
1445 4179 1498 4240 Δ
1524 4180 1797 4240 manuele
1832 4179 2056 4258 legatos
2083 4180 2162 4238 ad
2186 4177 2457 4239 Ludovi-

291 4274 408 4318 cum
429 4263 625 4324 missos
653 4266 1026 4327 Demetrium
1051 4266 1352 4345 quendam
1367 4311 1387 4345 ‚
1455 4276 1518 4328 et
1543 4266 1729 4331 alium
1747 4268 2135 4346 cognomento
2162 4264 2458 4342 Maurum,

295 4343 450 4407 refert
475 4348 602 4411 Odo
630 4349 708 4413 de
728 4353 955 4434 Diogilo
989 4353 1030 4414 l.
1056 4357 1117 4419 2.
