3064 4890
1158 349 1645 419 DEDICATIO.
1871 378 1880 391 ·
2431 368 2506 418 lx

298 522 569 607 legiones
594 524 1101 614 procubuerunt?
1142 523 1252 589 nbi
1282 536 1379 588 tot
1407 524 1715 591 littoribus
1739 521 2044 589 terribiles
2076 523 2303 588 classes
2320 523 2354 587 “l
2396 521 2506 589 ubi

300 630 607 693 maritima
636 629 839 711 gloria
869 627 1067 692 incliti
1100 629 1398 717 triumphi
1415 629 1447 692 ’ἲ
1498 630 1606 691 ubi
1631 630 1736 693 illa
1767 625 2097 716 praesidia,
2150 647 2308 713 quae
2333 629 2508 693 fuere

302 753 547 820 semper
588 742 895 818 euntque
939 733 1009 795 in
1057 744 1377 819 posterum
1422 731 1825 796 fundamenta
1881 730 2182 797 libertatis
2236 742 2507 811 nostrae,

300 832 483 898 domi
510 834 837 900 concordia
852 881 870 913 ,
921 836 1257 916 integritas,
1309 837 1705 915 continentia,
1758 835 2003 903 animus
2030 836 2098 899 in
2131 832 2511 899 consulendo

298 939 492 1018 h’ber,
536 940 761 1003 nullius
792 939 919 1003 sibi
950 937 1159 1003 delicti
1187 940 1449 1021 gratiam
1477 940 1747 1019 faciens3
1794 940 1948 1005 foris
1979 935 2319 1018 industria,
2377 938 2513 1001 ala-

304 1043 520 1121 critas,
562 1043 939 1121 mantia,
988 1041 1336 1106 fortitudo?
1432 1043 1543 1107 his
1589 1063 1857 1129 namque
1902 1042 2231 1107 virtutibus
2274 1040 2343 1105 in
2370 1052 2514 1105 tan-

300 1155 436 1207 tum
463 1146 779 1232 potentiae
808 1146 1125 1226 fastigium
1140 1144 1472 1227 Bdgarum
1502 1167 1736 1210 nomen
1768 1146 2106 1211 evexistis:
2156 1145 2259 1208 his
2289 1144 2514 1209 imbuti

299 1249 568 1327 artibus,
618 1269 813 1335 parva
857 1269 896 1310 a
952 1246 1101 1312 sede
1146 1250 1405 1336 profecti
1456 1247 1839 1337 dispersistis
1887 1270 2028 1312 cum
2076 1249 2209 1312 sole
2245 1268 2468 1312 manus
2487 1268 2510 1310 ε

300 1350 407 1414 his
450 1348 628 1415 domi
667 1353 1076 1437 militiaeque,
1129 1363 1292 1416 terra
1321 1373 1395 1416 ac
1420 1354 1611 1431 mari,
1661 1364 1754 1415 tot
1783 1364 1847 1415 et
1871 1353 2179 1439 praeclara
2213 1350 2374 1414 adeo
2410 1355 2511 1414 fa·-

300 1455 515 1517 cinora
556 1455 829 1519 fecistisz
876 1453 1105 1519 iisdem
1144 1428 1271 1521 1vos
1321 1466 1385 1518 et
1422 1456 1864 1542 rempublicam
1905 1454 2233 1519 servabitis
2274 1454 2513 1535 magis-

298 1578 423 1643 qne
465 1560 789 1638 attolletis3
840 1559 1010 1624 cives
1050 1570 1114 1622 et
1148 1559 1635 1623 honestissimos
1681 1556 1933 1623 ordines
1978 1577 2017 1619 a
2058 1558 2128 1623 vi
2168 1569 2230 1619 et
2277 1556 2507 1620 iniuria

289 1661 747 1749 prohibebitis:
798 1673 861 1725 et
903 1658 1073 1747 quod
1114 1663 1381 1726 ominari
1400 1709 1419 1741 ,
1463 1659 1628 1747 quod
1659 1681 1906 1749 sperare
1933 1661 2104 1741 licet,
2155 1660 2508 1748 inexplebi-

289 1764 432 1826 lem
463 1764 628 1827 hunc
673 1766 990 1845 sanguinis
1026 1765 1275 1831 hostem
1290 1811 1308 1845 ,
1358 1786 1787 1850 novorumque
1830 1776 2114 1831 motuum
2149 1762 2404 1829 avidum
2443 1774 2512 1829 et

288 1866 616 1948 ieiunum,
662 1867 1024 1932 coercebitis
1043 1915 1063 1948 ‚
1103 1869 1531 1955 profligabitis.
1610 1866 1722 1932 sed
1752 1866 1900 1954 quid
1933 1888 2048 1949 ego
2084 1866 2313 1931 diutius
2342 1864 2511 1954 apud

287 1989 417 2034 vos
446 1993 553 2051 ea,
606 1992 765 2058 quae
790 1992 906 2034 nec
937 1972 1161 2051 officii,
1211 1993 1327 2036 nec
1352 1972 1594 2036 consilii
1621 1972 1783 2051 mei,
1829 1969 1942 2035 sed
1969 1983 2214 2034 vestrae
2236 1969 2510 2057 pruden-

292 2072 427 2136 tiae
466 2075 656 2138 sunt?
756 2096 951 2137 unum
994 2097 1183 2156 rogo,
1227 2088 1464 2162 patres,
1509 2076 1681 2139 cuius
1716 2076 1909 2155 gratia
1945 2074 2204 2152 accessi,
2255 2086 2325 2136 ut
2352 2074 2516 2137 inter

294 2178 594 2264 strepitus
642 2198 988 2257 armorum,
1037 2190 1101 2242 et
1137 2179 1370 2242 ruentis
1416 2179 1561 2240 belli
1590 2179 1957 2265 procellam,
2014 2189 2223 2243 vestro
2259 2174 2515 2258 dignum

294 2280 619 2367 praesidio
658 2292 723 2344 et
759 2282 948 2344 tutela
996 2282 1278 2346 habeatis
1327 2282 1625 2345 maximis
1668 2279 1984 2367 quondam
2038 2280 2513 2367 imperatoribus

300 2402 513 2447 carum
537 2378 841 2449 Ioannem
875 2385 1038 2448 hunc
1074 2383 1477 2465 Cinnamum,
1530 2385 1892 2473 scriptorem
1927 2380 2335 2464 industrium,
2383 2384 2515 2448 ele-

297 2500 581 2568 gamem,
632 2490 845 2570 magni
883 2488 1327 2577 Xenophontis
1365 2491 1711 2567 aemulum3
1763 2490 1916 2553 satis
1958 2488 2209 2569 ingenio
2254 2510 2368 2552 suo
2410 2487 2517 2551 in-

304 2587 659 2671 dulgentem
673 2639 695 2673 ,
746 2593 902 2656 satis
949 2603 1433 2680 temperantem3
1482 2590 1838 2654 laudantem
1886 2589 2240 2655 Comnenos
2285 2591 2518 2678 princi-

300 2713 426 2781 pes
468 2715 641 2775 suos,
695 2697 804 2758 ubi
850 2696 1008 2759 ratio
1047 2706 1109 2759 et
1153 2697 1324 2760 locus
1373 2707 1436 2759 et
1472 2695 1694 2758 merita
1737 2694 2085 2782 postulant,
2136 2715 2261 2756 non
2310 2714 2410 2755 res
2455 2703 2518 2755 et

293 2798 583 2862 fortunas
612 2820 831 2862 eorum
855 2796 1193 2863 immodice
1221 2798 1613 2878 adulantem3
1654 2798 1944 2862 omnibus
1977 2794 2277 2882 denique,
2323 2816 2518 2882 quae-

294 2919 566 2986 cumque
607 2903 718 2966 illo
757 2904 1003 2966 saeculo
1036 2904 1364 2985 viguerunt
1401 2902 1683 2983 ingenia,
1733 2902 1967 2964 lumine
1997 2921 2068 2963 ac
2096 2899 2365 2963 claritate
2401 2919 2515 2963 sua

291 3005 593 3069 tenebras
639 3003 1068 3070 obducentem.
1168 3005 1378 3070 condit
1422 3025 1492 3069 se
1541 3017 1750 3068 autem
1789 3016 1997 3070 vestra
2024 3004 2093 3067 in
2122 3003 2385 3067 sacraria
2430 3023 2511 3067 eo

290 3108 594 3187 alacrior,
647 3129 725 3172 eo
750 3110 995 3196 plenior
1030 3110 1380 3173 animorum
1404 3106 1788 3193 fiduciaeque
1802 3156 1821 3188 ‚
1870 3107 2306 3189 gloriosissimi
2337 3103 2511 3170 ordi-

288 3231 447 3290 nes,
501 3208 669 3297 quod
696 3234 1012 3298 nunquam
1037 3215 1140 3277 vel
1162 3214 1230 3276 in
1254 3213 1550 3276 maximis
1583 3213 1761 3275 bellis
1788 3213 1984 3298 pretia
2015 3208 2178 3297 apud
2204 3231 2323 3276 vos
2348 3209 2511 3272 ceci-

288 3311 512 3378 derint
556 3313 907 3395 Musarum3
957 3314 1072 3379 sed
1123 3315 1303 3398 (rem
1347 3314 1776 3379 admirabilem
1820 3313 2253 3401 perpetuisque
2305 3311 2511 3375 laudi-

289 3417 415 3481 bus
464 3414 1098 3504 depraedicandaml)
1148 3419 1386 3500 integro
1435 3431 1618 3504 atque
1645 3418 1881 3481 illibato
1912 3415 2121 3480 media
2149 3416 2311 3479 inter
2338 3435 2514 3478 arma

287 3519 548 3584 honore
591 3520 796 3584 studia
838 3523 1123 3587 foveritis
1139 3570 1157 3601 ,
1210 3523 1440 3585 auxilia
1483 3533 1548 3584 et
1585 3523 1775 3584 fulcra
1814 3520 1908 3583 rei
1943 3520 2224 3607 publicae
2240 3565 2259 3599 ,
2310 3540 2512 3605 neque

284 3623 479 3712 pacis
517 3625 719 3705 magis
737 3672 758 3704 ,
810 3646 997 3712 quam
1045 3625 1374 3705 bellorum,
1429 3637 1811 3691 ornamenta.
1909 3623 2014 3687 ille
2056 3622 2241 3687 vobis
2285 3623 2514 3704 gratias

286 3739 490 3807 aget,
535 3748 823 3813 proceres
862 3728 1202 3810 magnifici,
1240 3729 1308 3791 in
1350 3728 1571 3814 quibus
1611 3729 1878 3809 obligata
1908 3737 2005 3789 est
2033 3724 2258 3789 domus
2286 3737 2521 3793 nostra.

288 3830 409 3894 ine
465 3831 712 3894 animos
754 3833 1076 3895 testabitur
1111 3829 1375 3897 devotos
1416 3829 1819 3916 addictosque
1843 3841 2087 3895 vestrae
2113 3829 2517 3908 reverentiae,

292 3953 466 4018 quos
508 3944 755 4019 praeter
794 3936 1018 3998 offerre
1061 3936 1216 3997 nihil
1250 3954 1609 4021 possumus,
1708 3935 1886 3997 illum
1922 3933 2234 4021 accipietis
2248 3978 2266 4010 ,
2311 3952 2517 4018 spero,

292 4048 783 4099 monumentum
824 4050 889 4100 et
931 4036 1218 4103 obsidem
1245 4038 1376 4104 mei
1409 4038 1725 4125 patrisque
1769 4036 2012 4122 (neque
2040 4035 2212 4100 enim
2241 4035 2523 4097 illicitum

294 4138 441 4200 filio
467 4139 538 4202 in
566 4159 789 4201 caussa
816 4151 946 4205 tam
971 4141 1108 4228 pia,
1158 4152 1291 4203 tam
1320 4141 1583 4205 honesta
1599 4186 1617 4220 ,
1657 4162 1771 4227 pro
1818 4138 2284 4204 officiosissimo
2328 4137 2522 4200 etiam

298 4250 481 4327 patre
522 4239 875 4327 spondere)
924 4244 1158 4308 aeterni
1187 4265 1330 4326 erga
1361 4246 1641 4311 inclitum
1666 4264 1899 4307 nomen
1927 4254 2206 4308 vestrum
2234 4239 2518 4326 ob‘sequii

301 4353 375 4406 et
409 4340 895 4427 indefatigabilis
938 4349 1392 4415 observantiae.
1507 4344 1665 4412 deus
1701 4346 1889 4427 faxit,
1953 4356 2025 4409 ut
2064 4354 2361 4435 quantum
2401 4339 2518 4407 de-
