3064 4890
813 342 1282 411 PRAEFATIO
1331 341 1588 412 PETRI
1634 341 1982 413 POSSI'NI.
2379 365 2508 413 xm

306 512 483 592 tiam,
534 525 605 578 ut
643 534 870 596 negare
913 514 1039 603 ipsi
1080 515 1238 580 nibil
1271 528 1505 616 posset.
1605 516 1932 604 impetrata
1963 515 2150 597 igitur
2175 516 2241 581 in
2272 537 2502 605 paucos

301 615 437 681 dies
463 619 840 705 optatissimi
867 620 1027 683 mihi
1050 619 1280 684 codicis
1306 642 1490 684 usura
1516 619 1918 708 cupidissime
1947 618 2265 685 advolavit
2291 620 2372 683 ad
2400 642 2507 685 me

297 741 369 782 118
412 733 613 785 totum
656 722 1159 810 inopinatissimo
1199 722 1429 806 gaudio
1472 722 1762 814 perfudit.
1860 725 2015 788 liber
2054 736 2187 786 erat
2227 746 2264 787 e
2298 725 2505 787 charta

296 825 487 889 lintea
526 827 957 912 perantiquus,
1011 837 1075 890 et
1095 847 1319 891 manus
1346 829 1825 906 transmarinae,
1878 848 2063 912 quem
2088 828 2299 890 statim
2325 828 2506 892 evol-

295 948 455 991 vens
494 927 897 1009 avidissime,
949 930 1016 993 in
1056 952 1133 995 eo
1174 932 1374 1018 reperi
1400 932 1595 995 libros
1630 919 1983 1017 quindecim
2010 930 2347 994 Alexiados
2377 933 2510 993 An-

296 1052 417 1095 nae
448 1032 725 1113 integros
739 1081 757 1113 ‚
795 1054 911 1096 nec
939 1035 1151 1120 paucis
1181 1034 1336 1097 10818
1366 1036 1446 1097 ab
1472 1055 1551 1098 eo
1580 1035 1921 1121 exemplari
1951 1031 2113 1097 unde
2135 1046 2345 1098 nostra
2375 1034 2508 1097 iam

292 1145 429 1198 tum
452 1134 768 1223 prodierat
794 1134 1372 1215 8111110,111181808.
1473 1139 1807 1225 praefatio,
1855 1158 2042 1223 quam
2073 1158 2154 1200 ex
2181 1138 2508 1202 Hoesche-

293 1239 481 1302 1181118
532 1241 838 1327 excerptis
886 1241 1302 1370 sumpsimus,
1354 1240 1599 1320 11881811
1669 1238 1786 1306 8811
1826 1241 2161 1304 exhibebat
2197 1242 2329 1304 8188
2366 1241 2506 1305 1080

294 1343 457 1404 bene
486 1344 739 1423 longum
769 1364 960 1430 opus,
1012 1334 1456 1430 ἀνεπίγραφον,
1496 1341 1846 1427 ἀνώνυμον,
1887 1342 2227 1430 «instram,-
2278 1344 2504 1430 quippe

291 1447 472 1509 811188
516 1447 787 1533 primum
822 1447 1045 1510 folium
1082 1459 1146 1511 et
1177 1448 1690 1534 operis.titulum‚
1744 1460 1806 1510 et
1832 1469 2061 1512 nomen
2088 1449 2386 1525 auctoris,
2439 1458 2502 1510 et

287 1549 546 1611 initium
600 1550 907 1637 prooemii
962 1551 1384 1615 verisimiliter
1429 1553 1824 1638 complexum
1843 1598 1861 1630 ,
1912 1574 2041 1615 non
2089 1550 2504 1638 comparebat.

287 1674 421 1715 11011
464 1653 605 1739 plus
650 1665 860 1716 tamen
894 1674 1019 1716 11110
1060 1656 1215 1719 folio
1259 1653 1511 1733 deesse,
1563 1667 1713 1720 nota
1746 1653 2002 1719 secundi
2027 1655 2268 1717 numeri
2297 1654 2501 1741 primo

286 1757 589 1819 foliorum
631 1777 789 1842 quae
828 1759 1174 1836 restabant,
1223 1758 1501 1844 praefixa
1538 1760 1942 1823 monstrabat.
2046 1780 2127 1821 ex
2171 1780 2293 1842 quo
2339 1758 2499 1820 aliae

288 1859 583 1923 similiter
632 1862 909 1948 pagellae
951 1859 1034 1923 ad
1069 1862 1261 1924 finem
1291 1883 1486 1946 usque
1523 1863 1712 1949 spissi
1741 1861 2002 1938 codicis,
2057 1882 2203 1924 suos
2226 1861 2499 1924 invicem

287 1963 656 2042 haerentes,
709 1942 772 2027 et
808 1976 1104 2051 perpetua
1140 1964 1302 2028 serie
1339 1966 1475 2029 sine
1500 1967 1625 2030 ullo
1652 1966 1827 2029 hiatu
1859 1965 2247 2029 continuatos
2279 1985 2501 2028 nume-

287 2086 399 2131 ros
453 2067 766 2130 habebant
828 2068 1041 2148 figuris
1093 2067 1473 2134 saracenicis
1524 2089 1878 2155 expressos.
1981 2068 2263 2152 quaesivi
2313 2070 2502 2131 anxie

289 2166 445 2254 quid
502 2170 610 2232 illa
662 2168 917 2234 tandem
954 2181 1166 2234 essent
1194 2170 1512 2235 Alexiadis
1561 2183 1693 2235 tam
1736 2173 2003 2237 verbosa
2044 2171 2503 2257 prolegomena.

287 2294 408 2335 nec
437 2270 547 2336 diu
578 2273 773 2336 abfuit
801 2275 949 2359 quin
973 2275 1155 2361 plane
1187 2295 1261 2337 ac
1294 2286 1461 2339 certo
1497 2276 1940 2362 comperirem,
1992 2295 2133 2337 esse
2171 2274 2345 2359 ipsos
2387 2258 2504 2339 ai}-

289 2373 574 2463 τόχρημα
618 2378 1094 2441 commentarios
1130 2377 1469 2466 Nicephori
1514 2376 1799 2442 Caesaris
1842 2375 2145 2459 Bryennii
2190 2389 2319 2439 tam
2352 2398 2503 2463 pro-

289 2482 446 2567 priis
495 2493 559 2544 et
602 2483 937 2545 illustribus
981 2483 1427 2545 characteribus
1457 2482 1537 2543 ab
1564 2483 1741 2544 Anna
1768 2481 1904 2545 81118
1944 2481 2204 2561 coniuge
2241 2481 2506 2561 insigni-

292 2595 428 2662 tos,
477 2596 548 2648 ut
598 2587 849 2667 agnosci
891 2586 1035 2650 11811
1076 2586 1281 2674 primo
1322 2586 1460 2649 81118
1499 2583 1979 2649 nomenclatoris
2012 2603 2197 2671 opera
2226 2594 2504 2670 possent.

292 2688 589 2751 nimirum
645 2690 947 2752 habemus
1001 2710 1086 2751 ex
1117 2688 1335 2753 Annae
1376 2690 1790 2777 praefatione,
1861 2673 2248 2769 Bryennium
2287 2698 2503 2767 rogatu

291 2788 507 2854 irenes
533 2793 870 2873 Augustae,
920 2792 1138 2857 matris
1175 2788 1418 2871 Annae,
1469 2793 1792 2879 scripsisse
1835 2811 2026 2912 opus,
2072 2812 2194 2877 quo
2226 2791 2504 2878 comple-

292 2896 570 2958 ctebatur
627 2893 970 2982 primordia
1017 2896 1217 2959 Alexii
1235 2941 1255 2976 ,
1320 2894 1549 2959 deinde
1595 2894 1889 2978 Augustit,
1958 2895 2095 2958 eius
2148 2895 2501 2980 scriptionis

292 2998 541 3061 initium
576 3001 907 3085 repetitum
949 3019 1091 3062 esse
1128 3020 1324 3085 usque
1366 3001 1444 3062 ab
1484 2998 1757 3063 Romani
1785 2997 2093 3079 Diogenis
2121 2998 2499 3085 principatu3

293 3099 442 3163 inde
470 3103 884 3165 narrationem
916 3101 998 3165 ad
1028 3100 1379 3166 Botaniatis
1409 3103 1773 3189 imperantis
1808 3113 2090 3189 tempora
2120 3099 2497 3187 perductam.

293 3225 481 3289 quam
523 3207 679 3267 haec
715 3205 929 3269 omnia
970 3217 1181 3269 nostro
1224 3207 1370 3269 huic
1412 3207 1594 3269 unice
1633 3207 1861 3293 scripto
1910 3206 2312 3283 conveniunt,
2364 3205 2497 3290 pri-

291 3328 465 3370 mum
506 3308 685 3374 Irene
727 3309 996 3389 Augusta
1037 3321 1414 3395 nuncupata,
1483 3307 1712 3373 deinde
1765 3308 2133 3397 principium
2190 3318 2253 3369 et
2306 3307 2499 3370 finem

293 3412 663 3477 narrationis
706 3413 787 3475 iis
824 3423 1040 3475 exacte
1075 3413 1358 3477 terminis
1394 3413 1753 3491 cohibente,
1804 3433 1961 3497 quos
1990 3409 2274 3489 designat
2302 3410 2498 3487 Anna,

290 3527 608 3601 postremo
647 3516 875 3600 ubique
918 3514 1099 3580 dotes
1137 3527 1201 3579 et
1239 3517 1501 3581 virtutes
1541 3517 1744 3580 Alexii
1781 3526 1919 3578 tunc
1967 3514 2228 3602 privati,
2279 3522 2502 3598 1108188

293 3619 684 3706 imperatoris
699 3667 718 3699 ‚
760 3617 1219 3683 studiosissime
1262 3621 1629 3683 celebrante.
1728 3629 2044 3706 praeterea
2090 3636 2250 3701 quae
2292 3617 2501 3679 inesse

292 3718 710 3804 Bryennianis
772 3723 1232 3786 commentariis
1274 3724 1545 3786 affirmat
1584 3724 1785 3800 Anna,
1842 3742 1919 3785 ea
1959 3722 2028 3784 in
2061 3719 2236 3783 hisce
2290 3719 2504 3783 omnia

294 3836 670 3913 comparent.
769 3824 839 3888 id
882 3848 1009 3889 uno
1054 3827 1325 3891 alterove
1368 3827 1659 3913 exemplo
1696 3824 2157 3889 demonstrasse
2201 3823 2353 3887 satis
2401 3823 2506 3886 811.

293 3928 400 3990 lib.
427 3933 461 3991 1
501 3951 567 4015 p.
594 3933 636 3993 9
670 3926 751 3990 de
775 3931 976 3993 causis
1002 3950 1160 4014 quae
1182 3928 1568 4013 Bryennium
1597 3930 1907 3994 seniorem
1929 3926 2242 3992 moverint
2267 3923 2347 3990 ad
2376 3925 2505 3991 im-

292 4032 537 4116 perim
585 4030 1033 4111 affectandum,
1071 4035 1161 4095 ita
1203 4035 1449 4096 scribit:
1515 4030 1586 4096 τὸ
1633 4032 1745 4114 μὲν
1794 4030 1944 4098 ὅθεν
1995 4031 2096 4094 καὶ
2140 4027 2305 4105 ὅπως
2317 4076 2338 4108 ,
2389 4029 2504 4093 οὐκ

292 4131 619 4218 ἅναγκαῒόν
648 4135 810 4199 ἔστιν
837 4131 986 4218 ἡμῖν
1009 4137 1351 4221 διηγεῖσθαι
1367 4156 1386 4173 ·
1424 4131 1654 4222 φθάνει
1677 4133 1797 4221 γὰρ
1823 4131 1865 4218 ἦ
1897 4141 2008 4199 τοῦ
2035 4134 2329 4220 καίσαρος
2355 4136 2499 4218 ξυγ-

288 4237 503 4324 γραφῆ
543 4236 617 4302 τὸ
673 4236 865 4302 αἴτιον
888 4244 998 4321 τῆς
1024 4224 1401 4315 ἀὶωστασίας
1429 4240 1832 4325 ἐξιστορῆσαι.
1927 4239 2049 4302 1108
2076 4248 2208 4301 est:
2262 4237 2498 4300 “huius

263 4340 519 4428 ,incepti
563 4362 724 4427 quae
769 4363 956 4406 causa
1001 4363 1242 4428 quaeve
1276 4345 1550 4408 rationes
1595 4344 1854 4422 fuerint,
1905 4342 2067 4405 mihi
2096 4361 2223 4403 non
2258 4351 2353 4402 est
2378 4360 2498 4400 ne-
