3064 4890
900 338 1187 409 NOTAE
1229 336 1485 408 PETRJ
1534 337 1884 409 POSSINI.
2344 339 2487 415 175

336 591 351 607 .
450 520 518 607 Ρ...
557 508 681 576 189
712 524 775 571 V.
810 508 909 574 11.
996 506 1073 568 de
1111 523 1263 570 voce
1306 505 1568 572 τοῦλδον
1612 505 1755 569 vide
1795 504 2087 568 Glossaris
2128 504 2374 570 Meurii
2418 517 2486 569 et

451 731 516 792 p-
551 707 674 777 146
702 731 768 774 v,
795 716 857 779 2.
920 702 1142 775 τούτου
1173 705 1212 776 ὅ
1236 701 1497 791 α’δελφός
1531 719 1645 772 etc.
1736 708 1885 771 haec
1907 707 2293 791 perintricata
2319 719 2479 771 sunt.

277 794 568 858 videntur
596 796 753 857 enim
780 797 972 855 facere
1005 794 1171 856 hunc
1191 794 1470 857 iuvenem
1494 796 1684 856 filium
1711 794 1914 856 fratris
1928 794 2211 875 Bryennii
2234 814 2482 876 regnum

280 881 637 960 affectantis,
694 882 863 942 cuius
898 880 1075 963 plane
1112 883 1488 942 ⁴contrarium
1512 874 1694 964 paulo
1730 882 1998 963 superius
2031 878 2249 942 diserte
2279 878 2480 941 tradi-

276 975 418 1047 tur,
465 968 570 1029 ubi
605 965 657 1026 is
699 966 1036 1027 adolescens
1071 976 1324 1029 vocatur
1366 970 1480 1031 τοῦ·
1522 970 1947 1051 βασιλειῶντος
1969 960 2119 1042 υἱός.
2207 972 2298 1026 est
2337 985 2476 1045 ergo

276 1052 379 1115 hic
421 1052 664 1132 aliquod
704 1061 966 1114 erratum
1013 1052 1232 1113 codicis
1279 1054 1469 1113 nostri
1489 1096 1507 1129 ‚
1589 1052 1753 1132 quod
1804 1062 1877 1113 ut
1936 1052 2051 1112 alia
2108 1052 2299 1111 multa
2352 1052 2479 1111 sine

279 1159 394 1220 ope
429 1138 690 1200 melioris
730 1138 949 1199 codicis
984 1138 1300 1198 emendare
1339 1137 1579 1199 difficile
1607 1147 1714 1198 est.
1797 1137 1949 1198 illud
1973 1137 2073 1196 hic
2101 1137 2296 1198 obiter
2320 1146 2480 1197 atte-

277 1246 438 1285 xam.
522 1226 572 1286 si
595 1244 743 1284 vera
774 1224 1010 1304 scripsit
1034 1225 1296 1285 Zonaras
1327 1244 1463 1283 cum
1492 1222 1698 1284 Annae
1724 1226 2006 1285 maritum
2031 1221 2220 1284 filium
2243 1224 2478 1304 primo-
2507 1270 2512 1277 .

276 1311 546 1390 genitum
574 1309 856 1390 Bryennii
881 1310 955 1369 ab
987 1308 1195 1369 Alexio
1226 1308 1372 1372 victi
1407 1308 1586 1370 fuisse
1612 1310 1849 1388 asserit,
1893 1310 2159 1390 oportuit
2191 1306 2358 1369 hunc
2403 1307 2480 1368 de

276 1416 400 1475 quo
425 1393 529 1455 hic
552 1415 745 1456 sermo
788 1403 875 1455 est
910 1394 1087 1456 fuisse
1110 1395 1307 1475 ipsum
1331 1394 1511 1456 huius
1541 1395 1734 1476 operis
1757 1403 2081 1456 auctorem.
2167 1394 2333 1473 atqui
2355 1392 2478 1453 hoc

275 1483 326 1541 si
348 1491 503 1542 esset
524 1481 591 1542 id
615 1482 740 1562 ipse
763 1480 963 1559 aliquo
987 1481 1167 1542 modo
1193 1481 1530 1560 indicasset,
1579 1481 1745 1561 qnod
1777 1500 1900 1541 non
1928 1481 2088 1541 facit.
2170 1488 2479 1559 praeterea

275 1576 437 1627 aetas
462 1567 637 1628 nimis
673 1566 991 1646 discrepat.
1075 1587 1216 1627 nam
1256 1567 1488 1628 iuvenis
1527 1566 1604 1626 de
1642 1586 1762 1646 quo
1794 1567 1986 1645 agitur
2011 1564 2131 1625 hoc
2162 1565 2320 1645 loeo,
2355 1565 2476 1626 iam

273 1652 521 1713 adultus
560 1662 622 1713 et
660 1652 817 1713 bello
862 1661 1134 1714 maturus
1178 1662 1307 1713 erat
1340 1652 1512 1712 initio
1550 1651 1785 1734 imperii
1808 1651 2155 1712 Botaniatae
2170 1695 2189 1728 ,
2230 1650 2349 1711 hoc
2382 1658 2475 1710 est

274 1747 414 1799 octo
452 1738 689 1800 circiter
721 1738 892 1798 annis
924 1747 1063 1797 ante
1092 1736 1329 1798 Annam
1363 1737 1651 1817 genitam,
1708 1756 1862 1817 quae
1889 1745 2033 1796 nata
2061 1735 2302 1797 demum
2331 1736 2475 1797 Ale-

270 1823 377 1897 xio
415 1832 505 1884 est
545 1834 684 1905 post
718 1833 972 1884 mortem
1015 1824 1265 1884 Roberti
1297 1821 1643 1900 Guiscardi,
1691 1824 1786 1883 uti
1823 1832 2027 1882 narrat
2063 1822 2192 1902 ipsa
2234 1822 2342 1886 lib.
2371 1822 2474 1887 Vl.

268 1909 575 1970 Alexiadis
604 1929 738 1990 pag.
774 1913 912 1976 166.
957 1917 1085 1969 erat
1116 1909 1168 1968 is
1190 1928 1382 1968 annus
1405 1908 1599 1968 Alexii
1627 1908 1970 1988 imperantis
1998 1908 2262 1986 quintus.
2348 1927 2468 1985 quo

269 2003 544 2076 tempore
585 2014 710 2055 non
750 1993 1006 2054 multum
1047 1994 1365 2054 tricenario
1409 1994 1611 2054 iunior
1651 1990 1754 2052 hic
1793 1992 2076 2073 Bryennii
2119 1992 2275 2053 caeci
2314 1992 2471 2053 filius

271 2098 397 2140 ωε
424 2079 642 2161 potuit.
726 2080 895 2140 cuius
936 2081 1121 2140 aetati
1164 2080 1216 2139 si
1254 2079 1548 2140 addamus
1585 2080 1714 2145 fere
1759 2078 2002 2158 viginti,
2062 2089 2212 2156 quot
2237 2078 2474 2137 Annam

269 2184 614 2226 numerasse
641 2184 779 2225 cum
802 2167 1011 2245 nupsit
1031 2166 1334 2246 Bryennio
1375 2165 1692 2227 verisimile
1730 2172 1820 2222 est
1833 2210 1850 2242 ,
1900 2164 2020 2222 iam
2041 2164 2374 2244 oportuerit
2397 2162 2471 2221 ab

269 2249 485 2313 Alexio
510 2250 915 2311 dilectissimae
945 2251 1098 2311 filiae
1121 2271 1405 2332 sponsum
1433 2247 2000 2328 quinquagenarium
2025 2247 2265 2324 datum,
2307 2247 2476 2327 quod

270 2336 554 2398 credibile
606 2357 838 2417 parum.
924 2336 1124 2414 itaque
1174 2333 1380 2395 Annae
1431 2334 1631 2414 potius
1687 2331 2050 2391 credendum
2105 2334 2251 2414 ipsi,
2325 2332 2473 2393 dum

267 2442 450 2485 suum
474 2421 675 2485 virum
695 2421 983 2501 Bryennii
1008 2420 1354 2481 Botaniatae
1380 2418 1444 2479 in
1476 2418 1727 2498 imperio
1757 2417 1972 2478 aemuli
2002 2438 2126 2478 non
2152 2415 2324 2499 υἱόν,
2366 2418 2473 2480 sed

269 2502 577 2591 ἆπόγονον
608 2507 883 2589 appellat.
967 2527 1154 2586 nepos
1187 2506 1464 2566 nimirum
1505 2505 1664 2564 illius
1702 2505 1849 2582 suit,
1910 2522 1987 2563 ex
2017 2505 2143 2566 eius
2166 2506 2470 2587 primoge-

267 2594 402 2656 nito
424 2593 544 2654 hoc
567 2594 697 2675 ipso
729 2593 900 2653 cuius
925 2591 1029 2653 hic
1049 2590 1295 2652 historia
1321 2577 1591 2652 meminit
1617 2598 1814 2651 natus.

442 2766 506 2810 v.
556 2751 657 2812 12.
759 2747 852 2822 τίς
898 2740 1089 2811 οἴοιτό
1138 2768 1212 2828 με
1251 2748 1817 2830 περιταυλογοῦντα.
1910 2742 1996 2804 sic
2037 2741 2291 2804 barbare
2341 2741 2466 2805 MS.

267 2852 385 2913 pro
426 2834 1007 2918 περιαυτολογοῦντα
1026 2874 1047 2908 ,
1127 2831 1293 2910 quod
1336 2852 1448 2891 nos
1493 2831 1886 2912 reposuimus.
2012 2838 2259 2889 excusat
2314 2830 2473 2890 enim

265 2917 371 2978 hic
407 2917 743 2997 Bryennius
788 2926 849 2976 et
889 2916 1280 2998 suspicionem
1318 2911 1676 2978 adulationis
1715 2915 2065 2998 deprecatur
2086 2959 2106 2992 ‚
2162 2914 2328 2994 quod
2371 2916 2471 2977 avi

266 3003 364 3064 sui
399 3003 632 3083 paterni
673 2998 878 3062 laudes
927 3004 1203 3064 celebret.
1300 3002 1480 3064 huius
1539 3012 1599 3062 et
1649 3001 1930 3061 similium
1985 3000 2471 3062 emendationum

267 3109 476 3149 causas
496 3088 858 3148 enucleatius
886 3090 1127 3168 exsequi
1157 3099 1218 3149 et
1244 3097 1559 3150 auctorum
1583 3087 1938 3148 idoneorum
1967 3087 2320 3147 testimoniis
2345 3087 2469 3147 sul-

266 3174 392 3234 ἀπο
413 3174 746 3254 potuimus,
785 3175 836 3234 si
861 3185 969 3236 eut
992 3184 1238 3236 vacaret
1264 3183 1369 3234 aut
1395 3173 1784 3234 necessarium
1813 3171 2274 3235 credidissemus.
2364 3193 2468 3231 ac-

266 3268 516 3321 curatus
541 3269 604 3319 et
630 3261 854 3341 peritus
880 3262 1070 3328 lector
1095 3261 1219 3340 ipse
1247 3260 1356 3320 sibi
1386 3279 1466 3319 ex
1495 3260 1688 3340 primo
1709 3260 1827 3319 loci
1850 3267 2172 3336 conspectu
2196 3256 2465 3318 subiiciet

263 3345 468 3424 facile,
511 3344 657 3405 dum
682 3354 917 3408 nostras
945 3347 1338 3407 correctiones
1374 3353 1719 3426 cognoscet,
1761 3342 1909 3424 quid
1944 3362 2055 3403 nos
2092 3343 2171 3404 ad
2207 3363 2304 3403 eas
2337 3343 2458 3403 im-

263 3430 509 3512 pulerit.
591 3428 771 3492 huius
801 3431 892 3493 rei
924 3431 1146 3492 fiducia
1167 3436 1545 3517 λεπτολογεῖν
1580 3429 2048 3512 supersedemus.

429 3604 497 3691 p.
521 3582 644 3649 159
674 3603 735 3649 v.
762 3589 862 3652 20.
945 3582 1016 3650 to*
1048 3580 1342 3668 συνήθως
1364 3590 1492 3661 τοῖς
1516 3584 1816 3667 ἐκνομίως
1846 3574 2219 3664 hammon*
2257 3577 2459 3643 “2:206
2489 3591 2536 3648 P
2570 3593 2672 3651 117

262 3672 422 3733 πλοῦ
483 3664 637 3752 πρός
661 3674 880 3735 τοῦτον
902 3669 1121 3757 ἔλεγον.
1161 3672 1563 3753 popularium
1576 3669 1739 3751 apud
1751 3670 2007 3728 Graecos
2019 3664 2461 3727 exsibilantium

264 3774 393 3817 vox
425 3763 557 3815 erat
586 3759 741 3818 πλοῦ
765 3760 934 3819 πλοῦ.
1018 3756 1085 3817 id
1112 3755 1445 3838 Hesychius
1475 3756 1675 3817 innuit
1700 3754 1889 3816 verbo
1920 3748 2164 3828 κλῶζειν
2180 3797 2199 3830 ,
2241 3752 2348 3814 ubi
2374 3751 2462 3813 sic

265 3848 551 3901 annotat:
612 3832 861 3915 κλύζειν
902 3837 971 3906 τὸ
1016 3842 1294 3923 ἐκβαλεῖν
1335 3843 1403 3908 ἐκ
1436 3847 1561 3907 τῶν
1596 3834 1892 3923 θεάτρων.
1989 3834 2303 3920 „amramis
2341 3833 2460 3922 7020

264 3925 471 4008 sssyov
506 3921 662 3988 κατοῖ
699 3927 1111 4008 μίμησιν·τῶν
1131 3926 1467 4012 γινομένων
1493 3928 1560 3993 ἐν
1584 3931 1714 4003 τοῖς
1741 3919 1991 4007 στόμασι
2020 3921 2254 4004 ψόφων
2270 3968 2288 4000 ,
2349 3919 2464 4000 οὓς

265 4009 440 4090 (lego
469 4004 598 4087 οἷς)
629 4006 776 4094 πρὸς
806 4008 915 4086 τὰς
944 4010 1195 4096 ἔκβολᾶς
1223 4015 1480 4098 ἐχρῶντο
1506 4016 1633 4076 τῶν
1656 4015 1945 4092 ποιητῶν.
2033 4019 2096 4068 et
2134 4008 2314 4090 paulo
2355 4030 2463 4070 su-

260 4096 492 4176 perius,
533 4092 806 4179 κλωγμὸς
833 4096 867 4161 ὅ
895 4093 997 4161 διὰ
1023 4102 1135 4179 τῆς
1157 4097 1420 4185 γλώττης
1450 4096 1592 4181 περὶ
1619 4093 1722 4162 τὸν
1751 4091 2119 4180 οὕρανισκδν
2152 4094 2365 4177 ψόφος
2387 4091 2463 4160 ὃν

262 4175 520 4264 λᾶκησίν
564 4180 755 4259 (sorte
784 4176 1119 4267 κλᾶιιησιν)
1160 4184 1318 4263 τινές
1359 4203 1581 4267 φασιν,
1640 4175 1773 4248 οἷον
1807 4182 1875 4247 οἱ
1900 4175 2187 4264 ὀνηλάται
2217 4184 2460 4266 κυρίως.
