3064 4890
490 290 580 342 xx
1380 267 1785 339 DUGANGII

494 438 828 510 hominum
866 454 1050 530 atquo
1088 438 1336 507 silentio
1379 440 1800 524 vindicarentg
1849 441 1957 530 qui
1996 444 2299 531 permulta
2339 436 2419 505 de
2463 439 2696 505 nostris

498 549 684 613 rebus
704 593 723 628 ,
794 544 1231 632 Gallorumque
1258 558 1391 610 toto
1422 549 1554 609 sere
1585 545 1845 611 Oriente
1874 544 2264 610 laudabiliter
2287 566 2359 608 ac
2388 545 2697 632 praeclare

501 651 696 733 gestis
709 696 728 731 ,
792 648 962 717 haud
1016 660 1329 736 comperta
1380 650 1723 717 memoriae
1783 646 2204 737 prodiderunt.
2322 669 2479 735 quae
2536 658 2698 710 certe

506 752 693 836 digna
733 765 904 832 sunt,
953 765 1024 815 ut
1065 752 1132 816 in
1177 753 1261 816 iis
1304 750 1816 816 commendandis
1856 751 2305 816 immortalitati
2336 752 2701 839 scriptorum

503 857 788 923 omnium
820 867 1009 920 certet
1036 852 1340 919 industria
1357 901 1377 933 ,
1442 877 1587 919 cum
1626 876 1799 919 acres
1837 876 2025 943 saepe
2052 857 2296 919 aculeos
2330 851 2412 916 ad
2440 854 2704 935 gloriam

503 959 833 1024 habuerint
878 959 1146 1037 alienae,
1229 970 1365 1036 aut,
1438 971 1506 1022 ut
1541 959 1752 1023 verius
1797 957 2034 1038 dicam,
2115 968 2408 1039 cognatae
2454 956 2705 1021 virtutis

507 1072 946 1140 monumenta3
993 1082 1107 1125 nec
1153 1062 1409 1126 omnino
1460 1060 1784 1125 ferendum
1830 1062 1942 1139 sit,
1997 1073 2068 1125 ut
2103 1072 2198 1127 tot
2227 1060 2706 1125 durissimarum

509 1166 798 1252 exempla
844 1165 1141 1229 virtutum
1181 1165 1251 1228 in
1282 1175 1451 1229 tanta
1482 1175 1733 1250 tamque
1763 1163 2046 1228 diuturna
2078 1161 2242 1252 apud
2270 1173 2557 1250 posteros
2585 1162 2706 1226 o‘b-

511 1269 798 1332 scuritate
826 1265 1205 1330 delitescant.
1306 1268 1572 1331 scribere
1616 1280 1825 1330 autem
1866 1288 2042 1332 orsus
2085 1288 2224 1331 sum
2250 1267 2330 1329 ab
2354 1275 2707 1352 expugnata

509 1382 809 1463 captaque
837 1391 877 1432 a
903 1367 1130 1448 Gallis,
1182 1380 1315 1433 tum
1342 1370 1610 1434 Venetis
1641 1369 2209 1457 Constantinopoli,
2258 1368 2484 1456 partim
2519 1365 2708 1432 editis

511 1471 600 1538 ad
643 1493 787 1538 eam
826 1493 962 1536 rem
1006 1472 1074 1536 in
1100 1471 1636 1553 Villharduinum,
1687 1474 1795 1559 qui
1826 1472 2242 1560 expeditionis
2265 1471 2483 1550 huius,
2534 1470 2708 1533 cuius

513 1588 582 1641 et
617 1575 756 1663 ipse
806 1596 951 1662 pars
981 1595 1206 1655 magna
1235 1576 1503 1655 exstitit,
1556 1572 1816 1639 exordia
1843 1574 2169 1661 descripsit
2187 1624 2203 1655 ,
2255 1572 2713 1638 observationi-

513 1679 666 1757 bus3
725 1678 953 1765 partim
997 1678 1186 1740 etiam
1230 1697 1268 1740 e
1304 1677 1582 1765 probatis
1629 1678 2024 1765 scriptoribus
2060 1677 2313 1742 Graecis
2349 1697 2421 1738 ac
2452 1676 2713 1755 Latinis,

515 1790 653 1845 tum
704 1780 1017 1844 veteribus
1063 1800 1307 1866 quoque
1346 1780 1770 1844 monumentis
1816 1800 1853 1844 e
1875 1781 2079 1862 ‘regiis
2124 1779 2439 1843 tabulariis
2453 1825 2472 1859 ,
2556 1798 2714 1864 quae

517 1883 743 1947 harum
784 1879 1253 1969 expeditionum
1291 1884 1549 1947 consilia
1593 1895 1776 1969 atque
1808 1895 1943 1946 acta
1979 1893 2375 1962 conservant,
2421 1880 2714 1968 deprom-

518 1986 647 2074 ptis
666 2031 685 2066 ,
745 1986 936 2060 totius
983 1985 1283 2049 historiae
1342 1986 1508 2049 illius
1568 1987 2025 2051 continuatione
2078 1987 2359 2072 serieque
2407 1996 2716 2063 contexta,

520 2106 683 2175 quae
734 2099 800 2151 et
840 2086 1098 2151 salebris
1142 2085 1443 2176 impedita
1488 2090 1851 2176 explicaret,
1918 2109 1990 2151 ac
2035 2090 2357 2153 obscurata
2396 2108 2716 2176 paeneque

522 2180 743 2257 obruta
781 2189 850 2253 in
882 2192 1082 2255 lucem
1111 2194 1429 2278 proferret.
1528 2192 1659 2255 iam
1694 2212 1846 2256 vero
1887 2213 1965 2257 en
2012 2190 2092 2255 ad
2130 2212 2367 2256 novum
2395 2189 2721 2272 aggredior

525 2314 687 2382 opus
722 2294 974 2362 scholiis
996 2294 1282 2380 notisque
1301 2293 1748 2374 illustrandum,
1783 2294 1946 2380 quod
1978 2306 2228 2383 propter
2254 2297 2356 2359 vel
2385 2305 2721 2358 eventuum

526 2398 894 2463 varietatem
908 2444 927 2476 ,
999 2398 1102 2462 vel
1143 2418 1348 2462 rerum
1398 2418 1552 2485 quas
1602 2398 2021 2487 complectitur
2066 2398 2536 2486 praestantiam,
2613 2394 2722 2460 vel

531 2521 750 2566 eorum
773 2502 879 2586 qui
908 2498 977 2564 id
1004 2502 1427 2565 elucubrarunt
1462 2503 1765 2566 illustrem
1801 2501 2116 2584 dignitatis
2145 2499 2431 2584 gradum,
2482 2499 2726 2588 praeci-

526 2624 721 2693 puam
759 2602 1093 2692 quamdam
1135 2602 1299 2691 apud
1331 2602 1604 2669 eruditos
1635 2605 1897 2686 gratiam
1933 2617 2202 2669 meretur
2232 2616 2297 2669 et
2322 2600 2726 2667 commenda-

529 2707 791 2772 tionem.
882 2691 966 2770 'ea
1011 2718 1107 2771 est
1145 2708 1408 2772 blstoria
1451 2705 1825 2772 Comnenica
1841 2756 1859 2787 ,
1925 2729 2035 2771 seu
2071 2707 2511 2794 imperatorum
2553 2702 2727 2768 Gon-

533 2810 1217 2897 stantinopolitanorum
1249 2831 1332 2874 ex
1356 2811 1746 2874 nobilissima
1775 2808 2232 2875 Gomnenorum
2255 2807 2524 2887 familia,
2566 2826 2727 2893 quae

532 2931 683 2999 prae
711 2912 958 2992 ceteris,
1009 2932 1167 2997 quae
1199 2914 1453 2977 huiusce
1487 2915 1735 3001 imperii
1766 2913 2164 2995 gubernacula
2200 2922 2524 2975 tenuerunt
2540 2956 2560 2988 ,
2607 2931 2728 2973 no-
2821 2935 2832 2946 ·

539 3015 684 3078 stris
712 3014 1107 3102 potissimum
1138 3015 1439 3095 innotuit,
1502 3025 1635 3080 tum
1688 3017 1769 3081 ob
1811 3017 1971 3079 bella
2012 3036 2170 3101 quae
2205 3036 2344 3078 cum
2373 3013 2625 3077 Francis
2656 3032 2729 3074 ac

538 3114 915 3186 Normannis
940 3119 1151 3199 gessit,
1201 3131 1334 3182 tum
1360 3132 1609 3207 propter
1635 3120 1810 3183 varia
1845 3113 1985 3182 cum
2009 3119 2091 3182 iis
2117 3119 2307 3206 pacis,
2359 3128 2541 3203 atque
2567 3112 2728 3178 adeo

542 3220 987 3283 connubiorum
1011 3232 1075 3285 et
1098 3223 1465 3286 affinitatum
1492 3222 1645 3286 inita
1669 3220 1940 3285 foedera.
2040 3223 2241 3303 gentis
2265 3221 2446 3284 istius
2472 3220 2733 3282 incuna-

543 3323 687 3386 bula
745 3342 817 3387 ac
870 3324 1243 3389 incrementa
1293 3325 1528 3413 primus
1581 3324 1916 3413 publicavit
1954 3323 2339 3410 Nicephorus
2382 3320 2734 3405 Bryennius

545 3422 805 3504 Caesar,
853 3427 1062 3489 Annae
1087 3425 1441 3491 Gomnenae
1463 3426 2028 3514 Porphyrogenitae
2052 3427 2253 3491 Alexii
2279 3424 2581 3490 Gomneni
2606 3424 2733 3488 im-

546 3528 845 3615 peratoris
872 3529 1037 3593 filiae
1062 3531 1320 3595 coniux=
1371 3531 1470 3595 vir
1502 3552 1628 3598 non
1658 3529 1851 3595 modo
1881 3528 2207 3617 splendore
2233 3530 2529 3593 natalium
2553 3526 2734 3589 incli-

548 3640 681 3710 tus,
731 3650 803 3692 ac
830 3632 1296 3713 magistratuum
1322 3635 1769 3720 praerogativa,
1813 3631 1922 3697 sed
1951 3634 2122 3696 omni
2160 3633 2348 3695 etiarn
2373 3629 2734 3717 disciplina-

549 3753 688 3796 rum
717 3752 938 3813 genere
965 3755 1151 3819 quam
1173 3736 1659 3799 excultissimus:
1684 3736 1750 3799 in
1777 3736 1948 3799 cuius
1975 3734 2225 3821 quidem
2254 3730 2734 3811 commentariis,

550 3855 709 3920 quae
737 3833 818 3899 ad
841 3837 1074 3921 priscos
1108 3839 1248 3902 illos
1275 3849 1583 3902 nostrates
1610 3836 2003 3902 Normannos
2019 3884 2038 3918 ‚
2102 3839 2209 3923 qui
2235 3837 2304 3901 in
2327 3835 2586 3901 Oriente
2611 3855 2736 3898 non

551 3935 798 4001 modica
821 3940 1073 4004 bellicae
1098 3940 1342 4005 virtutis
1374 3938 1626 4004 edidere
1655 3938 2018 4004 documenta
2033 3987 2053 4020 ‚
2118 3949 2424 4026 spectant,
2474 3937 2736 4026 plurima

554 4052 871 4103 occurrunt
897 4042 1271 4113 intermixta.
1368 4042 1694 4106 historiam
1717 4063 1756 4106 a
1784 4043 2040 4123 coniuge
2069 4040 2387 4125 Bryennio
2421 4049 2738 4104 exaratam

554 4143 860 4230 excerpsit
901 4155 965 4207 et
1002 4156 1323 4232 prosecuta
1365 4156 1462 4208 est
1490 4146 1661 4209 Anna
1689 4143 2008 4210 Gomnena
2037 4142 2425 4223 Caesarisse,
2476 4160 2738 4226 eamque

557 4243 625 4308 in
656 4243 1008 4332 quindecim
1033 4245 1223 4312 libros
1248 4247 1474 4336 partita
1502 4260 1628 4329 est,
1672 4248 1894 4335 quibus
1923 4245 2239 4315 Alexiadis
2263 4245 2742 4336 appellationem
