3064 4890
638 301 710 347 vt
1428 276 1683 344 PETRI
1724 273 2054 343 Possm

648 450 1117 517 christianarum
1172 450 1470 514 virtutum
1539 450 1825 514 omnium
1849 499 1867 530 ,
1944 460 2129 535 atque
2195 444 2459 533 inprimis
2520 442 2758 508 heroicae

648 555 997 635 religionis,
1050 554 1393 640 speciosius
1422 557 1769 618 eminentes
1792 551 2046 641 quidam
2073 571 2143 614 ac
2168 552 2356 613 multo
2377 547 2763 636 splendidiores

652 660 975 722 obstruunt
999 657 1225 744 apices.
1324 657 1447 719 isto
1465 707 1482 738 ,
1534 659 1789 743 inquam
1805 706 1823 738 ‚
1874 656 1998 723 Tui
2034 656 2206 719 tanto
2243 665 2479 738 tamque
2504 652 2765 741 praeclaro

650 762 774 825 frui
826 761 1171 848 spectaculo
1230 761 1367 824 vult
1408 758 1780 843 Bryennius.
1878 780 1950 821 ac
2002 770 2310 846 praeterea
2351 757 2486 821 Tuo
2537 753 2770 818 eiusdem

650 863 993 954 praesentis
1038 885 1109 925 ac
1149 884 1358 926 coram
1386 866 1813 945 cognoscentis
1845 863 2096 926 arbitrio
2123 860 2547 946 dirempturum
2572 879 2633 920 se
2657 878 2773 944 spe-

652 978 750 1031 rat
789 965 1197 1031 domesticam
1228 964 1437 1047 litem,
1490 986 1650 1054 quae
1696 965 1934 1030 dudum
1969 964 2184 1054 'ipsum
2223 984 2359 1026 cum
2398 962 2693 1024 lectissima
2725 970 2775 1022 et

652 1072 888 1155 alioqui
911 1071 1229 1143 carissima
1260 1073 1594 1137 committit
1613 1071 1906 1150 coniuge*
1963 1130 1976 1145 ,
1994 1070 2262 1156 queritur
2302 1067 2578 1131 nimirum
2608 1065 2696 1128 illa
2728 1073 2777 1125 et

651 1174 861 1238 vorbis
894 1174 1137 1241 corilus
1167 1172 1518 1261 expostdat
1532 1174 1619 1258 ³⁸¹),
1659 1176 1783 1238 viri
1818 1164 1913 1236 s'ui
1939 1174 2137 1236 nimia
2163 1169 2462 1236 modestia
2488 1168 2777 1248 contigisse,

653 1288 725 1341 ut
765 1277 1012 1364 imperii
1051 1277 1379 1351 successio„
1401 1290 1546 1367 post
1589 1300 1912 1349 excessum
1946 1277 2152 1343 Alexii
2193 1276 2380 1363 patris
2421 1271 2498 1337 ad
2533 1271 2781 1336 Ioannem

653 1380 864 1469 potius
904 1383 1187 1462 fratrem,
1265 1382 1427 1445 licet·
1448 1382 1758 1445 iuniorem
1801 1384 1873 1444 ac
1917 1393 2064 1468 post
2104 1400 2175 1444 se
2218 1401 2344 1444 non
2378 1378 2568 1442 solum
2599 1385 2781 1452 natam,

660 1481 777 1548 sed
827 1485 1018 1547 etia'm
1072 1483 1155 1547 ad
1214 1482 1550 1572 imperium
1601 1478 1990 1566 designatam
2044 1482 2354 1566 genitum,
2436 1476 2786 1553 delabor-eum

660 1588 826 1666 iure,
878 1585 1057 1672 quod²
1080 1610 1162 1665 ex
1202 1590 1635 1675 praerogativa
1677 1591 1939 1671 aetatis.;
1988 1610 2130 1675 spe,
2177 1607 2369 1673 quam
2403 1606 2438 1647 e
2461 1582 2653 1646 matris
2684 1590 2785 1643 stu-

663 1688 770 1753 dio
812 1702 876 1755 et
906 1703 1303 1771 cognatorum
1324 1715 1445 1779 pm
1479 1710 1560 1756 se
1580 1690 2028 1756 coniurantium
2053 1692 2375 1757 voluntate
2406 1700 2615 1752 certam
2636 1685 2790 1746 habe-

661 1794 798 1871 bat,
846 1793 1284 1880 intempestiva
1308 1797 1519 1861 mariti
1545 1790 1943 1884 philosophia
1970 1795 2274 1882 corruptis
2303 1816 2371 1858 ac
2393 1789 2649 1881 proditis.
2701 1783 2790 1848 ad-

660 1915 879 1961 versus
901 1896 1063 1959 hanc
1093 1898 1588 1961 criminationem
1609 1900 1722 1963 vix
1745 1911 1842 1962 est
1867 1911 1934 1963 ut
1959 1901 2111 1963 satis
2138 1898 2546 1987 Nicephorum
2571 1912 2667 1956 sua
2690 1890 2792 1955 vit*-

661 2010 762 2063 tus
796 2009 1067 2067 tueatur:
1116 2002 1512 2088 popularibus
1557 2003 1661 2065 vel
1704 2000 2099 2089 praeiudiciis
2142 2002 2251 2066 vel
2283 1998 2497 2066 studiis
2527 1990 2794 2060 ambitioni

664 2102 943 2168 mulieris
972 2104 1213 2190 potius,
1264 2125 1452 2189 quam
1498 2106 1622 2169 viri
1664 2103 2081 2172 moderationi
2107 2103 2540 2186 suffragaturis.
2627 2118 2688 2161 ac
2709 2114 2797 2183 pa·

664 2226 804 2271 rum
851 2207 1024 2270 abest
1066 2207 1215 2292 quin
1259 2208 1384 2296 ipsi
1431 2209 1627 2271 etiam
1668 2209 1977 2290 historici,
2050 2231 2214 2297 quos
2245 2207 2573 2296 sapientiae
2599 2216 2800 2264 causam

665 2309 979 2395 suscipere
1017 2306 1300 2391 decebat,
1332 2384 1341 2393 ο
1368 2310 1693 2393 socordiae
1711 2311 2108 2396 ‚Bryennium
2154 2334 2231 2376 ac
2278 2311 2537 2398 stuporis
2578 2307 2681 2370 hoc
2709 2323 2800 2364 no·

665 2411 836 2475 mine
883 2412 1261 2478 insimulent.
1359 2414 1466 2481 iile
1513 2406 1724 2480 tamen
1779 2415 1949 2481 haud
2001 2414 2336 2481 concidens
2394 2414 2619 2492 anime),
2677 2406 2801 2471 hane

671 2519 1068 2602 quantumvis
1125 2515 1443 2584 difficilem
1504 2539 1577 2583 ac
1636 2517 2025 2610 desperatam
2090 2512 2436 2587 evicturum
2493 2535 2558 2582 se
2605 2528 2801 2577 causam

664 2619 855 2710 plane
893 2619 1176 2702 confidit,
1228 2617 1341 2687 Te
1354 2626 1567 2709 titique
1600 2627 1858 2705 arbitra,
1905 2626 2076 2689 cuius
2117 2627 2227 2711 qui
2271 2641 2488 2689 sensns
2524 2620 2599 2685 sit
2617 2620 2804 2681 futurus

670 2723 738 2786 in
774 2723 883 2786 tali
912 2725 1365 2806 controversia,
1414 2723 1568 2815 post
1614 2750 1690 2792 ea
1739 2749 1896 2815 (luae
1937 2725 2173 2792 mundo
2212 2727 2447 2791 dudum
2480 2712 2806 2811 applaudenti

668 2828 830 2888 mira
877 2828 1216 2913 specimina
1259 2777 1511 2940 edidisti
1560 2834 1904 2920 sapientiae
1969 2843 2354 2919 sceptrorum
2406 2819 2810 2948 contemptricis

673 2925 953 2992 dubitare
986 2951 1171 2996 nemo
1202 2943 1427 3036 potest.
1522 2925 1706 3020 dtque
1742 2933 1914 2999 idem
1943 2936 2242 3000 hactenus
2273 2946 2512 2999 tantum
2540 2931 2628 2995 sui
2651 2917 2812 2989 merffi

673 3033 1049 3094 conscientia
1094 3035 1338 3116 nititur,
1404 3048 1471 3100 ut
1516 3058 1586 3100 se
1635 3037 2117 3118 absolvendum,
2192 3037 2292 3104 Te
2332 3035 2562 3115 iudice,
2631 3040 2811 3093 certum

672 3135 927 3214 habeat3
978 3138 1238 3201 minime
1278 3147 1433 3204 vero
1473 3153 1542 3203 ut
1584 3145 1856 3229 aspirare
1901 3144 2064 3207 ausit
2095 3141 2178 3206 ad
2210 3142 2631 3228 aequalitatem
2655 3125 2811 3196 laudis

675 3235 874 3303 Tuae.
976 3261 1201 3328 nempe
1238 3243 1377 3330 ipse
1413 3246 1748 3332 imperium
1794 3248 1926 3310 filio
1973 3268 2011 3309 a
2052 3259 2225 3334 patre
2270 3245 2542 3327 legitime
2581 3234 2816 3303 traditum

675 3343 982 3407 violenter
1025 3345 1390 3434 intercipere
1438 3369 1629 3429 gener
1666 3351 2065 3438 temperavit:
2119 3371 2308 3436 quam
2351 3349 2469 3412 hoc
2507 3346 2649 3409 infra
2675 3337 2818 3401 defflss

680 3445 919 3525 Tuum,
960 3445 1374 3514 Serenissima
1396 3449 1672 3533 Regina!
1745 3454 1843 3518 Tu
1876 3455 2043 3519 enim
2075 3471 2340 3535 regnum
2369 3452 2630 3539 amplum
2653 3455 2705 3507 et
2727 3439 2820 3502 fl⁰⁶

683 3569 825 3613 rens
872 3551 1082 3614 multis
1128 3555 1306 3616 annis
1329 3556 1832 3642 tranquillissime
1865 3577 2264 3645 possessum,
2315 3556 2821 3621 insummaremm

682 3652 964 3715 omnium
1006 3655 1296 3720 felicitate
1339 3670 1402 3721 et
1444 3680 1602 3744 quae
1638 3660 1786 3724 inde
1815 3662 2083 3725 nascitur
2110 3662 2480 3750 populorum
2509 3648 2822 3719 benevolen-

681 3755 798 3834 tia,
852 3757 1310 3843 sapientissime
1342 3764 1779 3842 gubernatum,
1832 3785 2169 3844 generosae
2199 3765 2431 3827 mentis
2461 3755 2692 3826 hero'ico
2713 3768 2824 3837 [¹1¹⁰-

683 3860 892 3944 posito
922 3873 1143 3946 sponte
1179 3861 1498 3929 abdicasti.
1599 3867 2027 3948 magnificum,
2078 3870 2348 3946 iliustre,
2400 3868 2608 3945 ingens
2648 3867 2704 3920 et
2733 3850 2823 3912 ³¹¹⁰

685 3982 869 4047 supra
900 3961 1235 4031 mediocria
1268 3981 1431 4032 recte
1462 3973 1623 4032 facta
1648 3973 1931 4035 eminens
1955 3969 2222 4035 facinus!
2269 3963 2438 4060 quod
2468 3971 2658 4031 tamen
2678 3963 2825 4034 angli·

687 4064 840 4128 stius
873 4063 1269 4160 diviniusque
1296 4093 1427 4153 res,
1461 4074 1633 4139 cuius
1662 4077 1858 4156 gratia
1892 4086 2243 4164 susceptum
2273 4085 2401 4154 est,
2429 4059 2622 4136 efficit.
2677 4077 2826 4140 8“¹¹⁰‘

827 4295 880 4365 *)
916 4297 1067 4376 {pud
1101 4298 1336 4356 Niceiam
1373 4300 1675 4358 Choniatem
1709 4298 1797 4356 lib.
1836 4301 1886 4360 1·
