3064 4890
616 322 768 396 326
1298 317 1611 388 CAROLI
1656 318 1783 388 DU
1830 317 2159 387 FRESNE

784 506 847 569 p.
865 487 952 554 67
973 505 1038 552 v.
1064 482 1126 552 5.
1207 482 1493 566 Βρίττιοι]
1525 481 1842 546 Britannos
1866 481 2188 544 etBrittios
2208 482 2525 564 promiscas
2545 483 2764 565 appellnt

619 573 941 635 Cinnamus
980 572 1321 632 Britanniae
1352 570 1582 631 insulae
1618 570 1866 630 incolant
1907 569 2185 630 Brittiain
2199 613 2218 645 ,
2260 589 2365 629 seu
2396 570 2655 651 Βριτίαν,
2686 572 2767 630 in·

614 660 812 730 sulam
844 659 1034 738 ipsam
1053 657 1380 737 Procopius
1404 658 1445 718 l.
1475 655 1518 720 4
1543 655 1621 717 de
1647 656 1811 716 Bello
1838 653 2110 716 Gothico.
2192 655 2272 716 ad
2295 655 2655 731 Britanniam,
2682 675 2765 715 ssu

403 753 450 808 P
481 751 587 811 439
617 746 968 821 Bn'tanuos,
1009 743 1166 806 sorte
1193 751 1427 824 spectat
1449 762 1729 803 nummus
1745 785 1764 818 ‚
1809 741 1875 802 in
1898 761 2019 820 quo
2045 740 2335 822 scriptum
2357 745 2699 806 ΒΡΕΤΤΜ
2709 745 2772 805 Ν.

617 852 756 893 cum
778 834 835 893 T
852 829 1085 910 supino,
1110 846 1216 889 seu
1240 830 1503 904 inverso,
1530 848 1641 908 pro
1661 830 1755 899 Ω,
1784 836 1853 887 ut
1873 827 1938 886 in
1953 827 2137 890 altero
2156 828 2772 892 ΜΑΣΣΑΔΙΗΠΝ

617 915 784 999 apud
808 916 1032 980 Antou.
1057 913 1371 994 Augustin.
1400 914 1619 994 Dialog.
1642 917 1683 978 6
1716 912 2005 992 Antiquit.
2032 913 2455 973 Romanarum.

784 1021 845 1064 v.
898 1005 999 1070 13.
1079 993 1510 1085 Ἀλέξανδρον]
1570 998 1911 1059 Alexander
1945 999 2243 1059 Graviuae
2275 999 2343 1058 in
2388 996 2554 1057 Italia
2595 1012 2777 1070 comes,

615 1108 653 1148 a
666 1085 923 1168 Rogerio
949 1084 1182 1145 Siciliae
1205 1105 1341 1167 rege
1367 1084 1829 1166 possessionibus
1855 1085 1976 1144 suis
2000 1093 2250 1165 propter
2269 1083 2638 1144 rebellionem
2658 1099 2781 1139 exu-

615 1183 753 1250 tus,
793 1172 862 1232 in
889 1171 1242 1232 Dalmatiam
1270 1172 1564 1252 primum,
1605 1191 1751 1232 mox
1773 1170 2354 1250 Constantinopolim
2383 1168 2463 1229 ad
2497 1168 2784 1246 imperato-

614 1277 748 1320 rem
783 1257 1120 1320 Manuelem
1155 1260 1486 1338 profectus,
1544 1255 1737 1318 eidem
1765 1256 2041 1336 deinceps
2070 1255 2385 1330 militavit,
2439 1253 2531 1313 uti
2554 1250 2785 1332 pluribus

614 1352 872 1406 narrant
899 1343 1134 1403 Nicetas
1161 1345 1226 1404 in
1252 1344 1412 1404 Man.
1444 1343 1486 1403 l.
1517 1348 1562 1409 2
1600 1363 1663 1405 n.
1692 1348 1771 1423 6,
1827 1342 2169 1403 Alexander
2202 1342 2338 1402 abb.
2369 1338 2655 1399 Celesinus
2684 1335 2718 1394 l.
2741 1339 2787 1410 1,

616 1449 737 1491 rer.
768 1437 918 1507 gost.
957 1429 1172 1508 Roget.
1205 1430 1363 1491 Sicu.
1404 1448 1529 1508 reg.
1570 1446 1625 1489 c.
1667 1431 1747 1493 19
1790 1426 1833 1489 ι
1870 1432 1914 1493 2
1957 1447 2009 1487 c„
2047 1431 2132 1494 33
2175 1431 2262 1491 36
2313 1429 2397 1492 37
2426 1426 2616 1497 etse,
2655 1419 2785 1481 Otho

615 1514 871 1594 Frising.
901 1514 946 1574 1.
986 1520 1018 1580 1
1072 1515 1147 1575 de
1194 1525 1339 1594 gest.
1371 1513 1539 1574 Frid.
1584 1533 1636 1573 c.
1674 1511 1758 1580 24
1796 1512 1838 1574 l.
1866 1517 1910 1578 2
1957 1533 2008 1578 c.
2038 1518 2118 1580 11
2154 1522 2220 1572 et
2256 1511 2583 1574 willelmus
2608 1506 2792 1586 Tyrius

613 1599 657 1661 1.
674 1604 757 1664 20
772 1620 826 1659 ο.
843 1600 885 1665 4
903 1608 965 1659 et
981 1597 1079 1665 14.
1124 1599 1422 1661 Gravinae
1440 1598 1760 1658 comitatus
1787 1598 1966 1659 datus
1987 1607 2125 1680 post
2146 1596 2301 1658 haec
2330 1618 2367 1656 a
2384 1595 2625 1675 Rogerio
2642 1590 2790 1666 Adae,

614 1684 802 1745 nobili
831 1692 892 1743 et
921 1693 1167 1744 strenuo
1196 1684 1589 1762 adolescenti,
1621 1684 1778 1744 filiae
1803 1703 1946 1745 suae
1971 1685 2211 1748 marito.
2302 1680 2636 1743 Alexander
2657 1675 2797 1737 Cele-

615 1768 781 1829 sinus
805 1769 847 1829 l.
873 1774 913 1834 3
944 1790 995 1829 c.
1025 1773 1127 1834 26.

789 1874 854 1933 p-
885 1857 967 1919 68
992 1874 1053 1916 v-
1085 1858 1183 1919 13.
1266 1856 1383 1918 τοῦ
1417 1846 1776 1932 ’Λλαμανῶν
1824 1848 2045 1936 ὅηγὸς]
2092 1851 2326 1914 Mirum
2355 1873 2534 1932 quam
2559 1844 2801 1925 Graeculi

615 1938 719 2000 isti
752 1938 1073 2017 scriptores
1095 1938 1353 2019 principi
1384 1958 1495 1998 suo
1528 1938 2035 2018 adblandiuntur‚
2095 1939 2251 1999 dum
2276 1936 2647 2018 imperatoris
2674 1932 2804 1992 titu-

616 2024 748 2085 lum
789 2032 853 2083 et
894 2023 1246 2103 dignitatem
1275 2024 1418 2085 huic
1446 2024 1559 2084 soli
1585 2033 1891 2101 asserunt,
1948 2025 2325 2085 Germanicis
2352 2022 2625 2103 Augustis
2646 2018 2801 2079 dene-

617 2118 795 2190 gant,
851 2129 1002 2187 quos
1039 2128 1248 2190 regum
1285 2110 1682 2191 appellatione
1729 2110 2044 2171 donandos
2086 2119 2338 2171 tantum
2369 2115 2609 2169 censent
2634 2114 2691 2164 et
2716 2121 2807 2162 vo-

617 2195 758 2256 lunt
774 2237 792 2270 ‚
843 2195 1012 2272 quasi
1039 2197 1407 2256 Graecorum
1449 2206 1604 2255 esset
1637 2195 1713 2255 de
1746 2195 2104 2276 dignitatum
2135 2205 2197 2256 et
2224 2196 2552 2255 titulorum
2576 2191 2806 2251 honora-
2888 2183 2907 2204 “

615 2280 850 2343 riorum
880 2282 1294 2362 praerogativa
1333 2281 1669 2341 decernere.
1752 2300 1967 2342 verum
1990 2300 2139 2340 mox
2165 2279 2623 2361 imperatoriam
2645 2271 2809 2353 digni-

618 2375 806 2426 tatem
834 2366 971 2448 plus
1011 2368 1154 2428 satis
1180 2366 1444 2447 agnoscit
1482 2368 1549 2427 iu
1577 2366 1939 2428 Germanicis
1968 2367 2350 2448 principibus
2375 2412 2394 2442 ,
2449 2384 2597 2445 quos
2625 2381 2689 2420 eo
2714 2378 2808 2417 no-

620 2453 780 2513 mine
805 2472 986 2534 supra
1010 2474 1173 2535 reges
1201 2454 1380 2514 fuisse
1406 2454 1621 2516 innuit.
1704 2454 1844 2513 vide
1875 2463 2046 2513 notas
2071 2453 2149 2514 ad
2171 2453 2395 2513 Annae
2414 2473 2474 2533 p.
2501 2455 2601 2517 80.
2676 2455 2812 2506 002⁶-

615 2558 758 2601 rum
788 2540 1101 2601 Conradus
1140 2540 1489 2621 priusquam
1528 2541 1650 2599 iter
1688 2550 2015 2619 capesseret
2044 2559 2153 2620 per
2179 2540 2561 2599 Graecorum
2593 2531 2813 2614 provin-

620 2627 775 2701 cias,
818 2624 1080 2704 legatum
1107 2627 1354 2687 miserat
1384 2625 1461 2684 ad
1488 2625 1854 2699 manuelem,
1899 2633 2270 2685 commeatus
2308 2633 2375 2684 et
2410 2622 2695 2683 transitus
2717 2618 2816 2677 im-

618 2711 903 2793 petrandi
930 2713 1139 2792 gratia.
1225 2712 1302 2771 de
1328 2710 1445 2770 hac
1476 2709 1770 2790 legatione
1800 2711 2035 2773 Nicetas
2060 2711 2126 2771 in
2157 2713 2328 2770 Man.
2360 2710 2402 2773 l.
2432 2714 2467 2774 1
2502 2729 2563 2768 n.
2591 2705 2655 2771 4.

791 2815 851 2875 p·
887 2801 972 2865 69
995 2818 1056 2858 v.
1080 2801 1143 2862 2.
1225 2790 1501 2876 πόλεμόν
1523 2818 1591 2860 τε
1616 2796 2003 2878 συνδιαφίρει
2030 2789 2269 2882 τούτῳ]
2315 2795 2538 2873 Tangit
2566 2787 2815 2852 hocloco

619 2877 944 2940 Cinnamus
988 2891 1253 2943 veterem
1300 2881 1655 2943 Latinorum
1692 2900 1922 2943 morem
1972 2890 2035 2941 et
2067 2891 2394 2962 receptum
2440 2898 2621 2939 usum
2639 2921 2655 2952 ,
2720 2892 2820 2952 quo

615 2964 829 3110 {assui
868 2965 936 3026 in
968 2967 1451 3047 expeditionibus
1487 2966 1715 3028 bellicis
1735 2967 2012 3029 dominos
2038 2968 2205 3047 sequi
2238 2967 2346 3028 vel
2371 2964 2650 3026 comitari
2676 2969 2820 3020 teno-

665 3061 866 3112 antur.

789 3155 855 3195 v.
902 3138 1000 3199 10.
1086 3131 1430 3218 Πρμανὸς]
1476 3136 1794 3198 Exercitus
1822 3155 2036 3217 nempe
2067 3135 2498 3212 Francorum,
2545 3133 2694 3194 duce
2714 3129 2822 3191 Lu·

621 3216 839 3283 device
867 3218 975 3280 vu
1000 3238 1155 3326 rege,
1201 3223 1305 3299 qui
1335 3223 1695 3284 Alamannos
1715 3224 1991 3304 proxime
2016 3222 2385 3283 subsecutus
2414 3230 2532 3284 est.

788 3304 937 3368 ibid.
1020 3329 1134 3369 ουκ
1169 3302 1307 3371 οἶδα
1334 3303 1480 3372 ὅτου
1515 3308 1726 3390 ἕνεκα]
1773 3310 1869 3370 Ne
1888 3309 2149 3389 populis
2176 3311 2350 3368 inter
2379 3330 2447 3369 ee
2478 3299 2828 3366 dissidenti·

621 3389 738 3452 bus
787 3393 1193 3451 contentiones
1233 3396 1543 3454 orirentur
1558 3438 1578 3472 ,
1648 3406 1706 3454 et
1749 3405 1823 3459 ut
1861 3391 2247 3454 commodius
2292 3397 2473 3456 vitae
2518 3385 2832 3452 nece-samia

493 3550 506 3557 ,
621 3478 763 3536 suis
792 3489 1199 3557 procurarent
1228 3479 1605 3560 legionibus,
1664 3483 1957 3561 equisque
1979 3491 2035 3538 et
2064 3482 2369 3539 iummtiae
2398 3476 2498 3538 ad
2526 3495 2711 3536 onera
2736 3468 2835 3529 de-

610 3566 865 3643 putatis
882 3563 1126 3644 pabula
1148 3585 1272 3624 non
1294 3564 1576 3626 deessent.
1659 3568 1747 3628 ita
1781 3566 1945 3629 will.
1972 3564 2194 3646 Tyrius
2222 3565 2272 3631 l.
2309 3568 2396 3631 16
2428 3584 2484 3626 ο.
2523 3565 2639 3640 19,
2679 3559 2832 3618 ω

616 3647 855 3711 Ludov.
883 3649 1009 3726 vll,
1041 3648 1232 3711 Math.
1252 3651 1443 3721 Paris,
1473 3659 1539 3709 et
1559 3649 1680 3714 alii.

797 3755 861 3797 v.
902 3737 1005 3801 19.
1090 3734 1153 3811 ὃς
1196 3732 1630 3818 Ξνηενήκοντα]
1689 3734 2022 3797 willelmus
2069 3733 2298 3815 Tyrius
2317 3757 2335 3793 ε
2398 3744 2479 3793 ut
2517 3735 2835 3792 conamur

622 3831 912 3880 asserunt
936 3822 1045 3900 qui
1070 3824 1140 3880 in
1161 3843 1233 3881 ea
1259 3821 1634 3904 expeditione
1638 3823 1914 3900 fuerunt
1927 3864 1943 3893 ,
1988 3822 2055 3880 in
2076 3821 2207 3879 eolo
2235 3817 2501 3895 dpmini
2528 3821 2840 3898 imparato—

621 3907 716 3963 ris
757 3908 1062 3965 comitatu
1096 3905 1188 3967 ad
1223 3911 1623 3989 septuaginta
1649 3907 1858 3967 millia
1877 3908 2151 3984 fuerunt
2178 3906 2646 3979 loricatorum,
2688 3917 2837 3959 eroe-

610 3992 748 4069 ptis
767 3988 1117 4073 peditibus,
1156 3994 1464 4073 parvuli-s,
1508 4004 1567 4054 et
1592 3993 1983 4068 mulieribus,
2025 4002 2082 4050 et
2106 3991 2443 4071 equitibus
2471 3991 2627 4050 levis
2650 4000 2840 4046 arma-

621 4084 801 4134 turae
816 4100 840 4138 .·
882 4078 952 4133 in
980 4082 1243 4139 exercitu
1268 4101 1405 4139 vero
1433 4082 1599 4159 regia
1621 4080 2006 4149 Rancorum
2020 4121 2040 4154 ,
2082 4080 2378 4136 virorum
2395 4078 2679 4155 fortium
2703 4067 2840 4129 lon·-

624 4163 717 4219 cis
753 4164 1063 4220 utentium
1107 4187 1399 4224 numerus
1439 4163 1531 4223 ad
1574 4168 1661 4228 70
1705 4164 1912 4223 millia
1933 4211 1951 4240 ,
2029 4172 2279 4241 exceptu
2326 4162 2539 4223 classe
2577 4150 2839 4225 sectando,

624 4247 1132 4311 aestimabantur.
1218 4250 1381 4312 Otho
1421 4249 1808 4328 Frisingensis
1854 4249 1930 4310 de
1972 4247 2254 4307 Conrado
2268 4270 2287 4307 ε
2350 4258 2612 4307 tantam
2656 4252 2841 4300 autem

614 4342 763 4410 post
811 4352 875 4390 se
926 4333 1384 4396 multitudinem
1428 4338 1648 4413 traxit,
1716 4346 1791 4395 ut
1830 4346 1887 4394 et
1926 4334 2199 4410 flumina
2254 4331 2360 4392 ad
2406 4323 2839 4413 ποιᾶς-σιὼ,
