3064 4890
596 343 742 416 358
1269 339 1580 409 cARou
1630 343 1753 409 Du
1804 319 2133 409 FRESNE
2400 441 2445 460 „

759 531 825 591 P.
847 516 970 578 182
989 531 1048 571 v.
1073 515 1169 576 13.
1220 503 1566 592 ἀφαιρεῖται
1590 506 1726 590 μὲν]
1772 508 1931 568 Idem
1949 508 2166 588 Tyrius
2181 527 2202 569 ε
2231 505 2322 567 ad
2346 506 2552 567 urbem
2567 504 2803 568 Mami-

595 602 794 659 stram
807 598 1113 678 pervenit,
1170 596 1281 654 ubi
1301 606 1446 676 pos-t
1478 596 1708 654 multoe
1737 598 2039 653 circuitus·
2083 615 2221 654 cum
2264 615 2507 652 summa
2538 594 2809 673 ignomi-
2996 629 2998 692 Ι

593 688 706 745 nia
749 695 805 741 et
836 682 1062 764 populi
1097 684 1293 740 nostri
1332 681 1688 761 confusione
1745 681 2056 758 imperiali
2099 675 2532 740 reconciliatae
2574 690 2661 737 est
2697 700 2808 737 ex-

597 770 926 831 cellentiae.
1015 764 1209 826 nudie
1248 769 1440 846 enim,
1507 777 1579 825 ut
1618 765 1854 825 dicitur
1870 815 1889 842 ,
1937 764 2197 846 pedibus·
2208 812 2233 843 ‚
2290 764 2553 825 indutus
2593 766 2806 840 lemeis,

597 858 861 915 manicis
894 874 1089 933 usque
1116 850 1210 912 ad
1236 853 1510 912 cubitum
1545 850 1883 934 decurtatis
1899 896 1918 926 ,
1965 854 2134 930 fune
2174 855 2344 910 circa
2387 851 2617 910 collum
2652 851 2813 909 reli-

590 953 744 1023 gato
760 983 781 1013 ,
829 939 1125 1021 gladium
1157 938 1390 998 liabens
1412 942 1480 997 in
1509 958 1701 996 manu
1728 935 1964 997 nudum
1980 982 1998 1013 ,
2063 959 2239 1019 quem
2268 957 2556 997 mucrone
2587 947 2808 1012 mene,

597 1029 783 1087 cuius·
824 1026 1123 1105 capulum
1166 1022 1412 1084 domino
1455 1026 1813 1102 imperatori
1844 1027 2218 1104 porrigeret,
2265 1044 2478 1083 coram
2509 1023 2811 1084 universis
2996 1029 2998 1060 ¹

595 1112 943 1193 legionibue
985 1109 1231 1170 domino
1267 1113 1626 1191 imperatori
1654 1121 2088 1190 praesentatus·
2129 1121 2217 1168 eet
2232 1133 2252 1169 .-
2308 1110 2518 1191 ibique
2544 1119 2681 1167 ante
2697 1129 2815 1189 pe-

597 1197 704 1258 des
731 1201 868 1257 eiua
894 1194 1247 1255 ad·terram
1266 1206 1655 1277 prostratus,
1706 1194 1939 1254 tradito
1982 1193 2231 1255 domino
2278 1197 2631 1276 imperatori
2661 1195 2813 1275 gla-

599 1283 704 1344 dio
723 1329 742 1361 ‚
787 1281 1035 1342 tamdiu
1066 1284 1296 1359 tacuit,
1360 1302 1675 1362 quous-que
1701 1283 1942 1340 cunctis·
1968 1293 2296 1340 verteretur
2325 1285 2395 1340 in
2416 1301 2709 1340 nauseam
2752 1291 2813 1339 et

599 1371 943 1429 latinitati-s·
975 1369 1248 1449 gloriam
1290 1378 1539 1427 verteret
1581 1370 1651 1425 in
1681 1367 2073 1448 opprobrium
2117 1379 2175 1426 et
2201 1370 2271 1426 in
2307 1365 2702 1448 delinquendo
2750 1377 2811 1424 et

597 1453 1041 1535 satisfaciendo
1072 1454 1642 1540 vehementissimus.
1726 1455 1944 1512 mirum
1972 1473 2114 1512 sane
2144 1453 2447 1531 quomodo
2473 1452 2570 1513 vir
2600 1452 2808 1511 fortis-

598 1543 780 1602 simus
824 1541 1043 1620 quique
1091 1549 1185 1598 tot
1224 1539 1448 1618 egregie
1488 1540 1659 1598 factis
1700 1539 2064 1600 inclaruerat
2108 1548 2315 1599 tantae
2357 1558 2419 1599 se
2457 1537 2810 1619 ignominiae

597 1637 661 1686 et
686 1627 961 1686 infamiae
982 1625 1318 1686 subiecerit.

765 1783 823 1842 p.
868 1766 991 1828 183
1030 1782 1088 1821 v·
1131 1759 1228 1825 14.
1315 1763 1721 1841 Βαλδουῖνος]
1791 1763 1873 1821 Ut
1915 1761 1995 1820 ad
2030 1761 2456 1841 imperatorem
2499 1757 2811 1820 accesserit

596 1846 929 1908 Balduinus
957 1847 1060 1922 111,
1096 1846 1387 1906 Hierosol.
1423 1866 1563 1920 rex,
1607 1857 1670 1926 et
1694 1847 2019 1926 principem
2062 1846 2443 1927 Raynaldum
2477 1845 2671 1905 eidem
2709 1862 2809 1904 re—

600 1933 1006 1994 conciliaverit
1045 1942 1255 1991 narrat
1281 1932 1439 1991 idem
1464 1933 1683 2011 Tyrius
1712 1935 1754 1990 1.
1792 1936 1873 1998 18
1906 1953 1956 1993 c.
1985 1931 2090 1998 24.

768 2089 831 2148 Ρ.
868 2065 990 2133 184
1017 2087 1076 2127 v.
1097 2066 1196 2131 15.
1282 2061 1689 2146 Στ-υπειῶτης]
1722 2067 1868 2125 Rem
1884 2067 2064 2148 paulo
2080 2086 2246 2128 secus
2260 2069 2443 2128 refert
2460 2067 2696 2128 Nicetas
2716 2066 2754 2125 1.
2770 2070 2807 2130 3

596 2175 657 2214 n.
687 2152 729 2216 4
761 2163 822 2213 et
849 2174 882 2210 a
915 2152 1214 2232 logotheta
1259 2152 1487 2227 dromi,
1552 2153 1685 2212 viro
1721 2153 1979 2228 nefario,
2037 2174 2149 2233 per
2187 2154 2473 2214 invidiam
2514 2162 2579 2213 et
2625 2151 2811 2212 confi-

598 2239 710 2300 ctis
753 2239 1092 2310 calumniis,
1176 2247 1482 2317 tamquam
1543 2238 1912 2297 clandestina
1956 2259 2092 2298 cum
2139 2235 2436 2302 Willelmo
2472 2239 2808 2299 Siculorum

597 2343 734 2405 rege
778 2325 1031 2404 agitaret
1062 2324 1303 2382 consilia
1323 2369 1338 2398 ‚
1382 2326 1858 2385 circumventum
1889 2323 2275 2385 Theodorum
2306 2326 2649 2406 Stypiotam
2680 2333 2808 2384 tra-

598 2412 706 2473 dit.
793 2411 873 2472 ad
904 2410 1260 2470 cinnamum
1297 2409 1523 2469 accedit
1565 2411 1808 2490 propius
1836 2410 2169 2472 Radevicus
2197 2410 2239 2475 l.
2271 2416 2310 2475 3
2352 2412 2428 2473 de
2454 2412 2628 2473 Gest.
2652 2408 2809 2470 Frid.

599 2519 651 2558 c.
682 2499 787 2575 47,
836 2497 947 2557 etsi
986 2497 1159 2555 aliter
1199 2496 1450 2575 perinde
1499 2495 1813 2556 historiam
1852 2496 2010 2556 hanc
2052 2498 2376 2559 describat:
2442 2501 2614 2558 circa
2657 2494 2809 2555 idem

600 2596 838 2664 tempus
867 2583 1155 2643 Manui-‘le
1188 2579 1509 2661 Gpolitano
1552 2584 1697 2661 imp.
1739 2584 1905 2641 circa
1938 2592 2150 2662 partes
2194 2582 2569 2643 Antiochiae
2602 2592 2813 2643 contra

605 2669 849 2730 Tur-cos
883 2690 1026 2728 cum
1055 2673 1317 2727 exercitu
1343 2679 1649 2738 morante,
1707 2689 1871 2726 unus
1909 2670 1983 2728 de
2007 2673 2199 2729 servis·
2222 2670 2492 2749 palatii,
2554 2667 2808 2728 canicli-

599 2774 724 2813 nus
749 2753 1056 2829 videlicet,
1101 2776 1274 2833 quem
1304 2774 1417 2811 nos·
1445 2754 1886 2812 cancellarium
1913 2753 2109 2814 dicere
2135 2776 2499 2834 possumue,
2536 2754 2808 2836 principi

601 2860 714 2909 suo
730 2839 1038 2918 fraudem
1065 2840 1321 2897 molitus
1349 2850 1453 2898 est.
1544 2849 1664 2897 tres
1692 2838 1996 2918 siquidem
2024 2840 2479 2900 audacis-simae
2508 2841 2807 2900 &maim-

601 2927 686 2983 tie
735 2927 978 2984 iuvenes
1022 2924 1276 3003 infinita
1312 2935 1631 3004 corruptos
1658 2928 1931 3003 pecunia
1972 2925 2062 2984 ad
2105 2925 2502 2985 occidendum
2539 2930 2807 3006 impera-

602 3018 788 3069 torem
800 3010 1165 3090 pellexerat,
1214 3012 1462 3089 ipseque
1488 3020 1730 3069 statuta
1757 3009 1858 3067 die
1889 3009 2137 3090 quando
2176 3010 2251 3070 id
2270 3015 2541 3091 facinus
2559 3011 2809 3092 patrari

601 3094 891 3154 debuerat
910 3141 929 3172 ‚
974 3093 1065 3153 ad
1087 3093 1513 3173 occupandum
1542 3093 1719 3174 apud
1739 3096 1947 3155 urbem
1972 3098 2165 3157 simul
2188 3118 2330 3156 cum
2350 3098 2664 3178 imperiali
2680 3115 2803 3175 pa-

600 3182 755 3241 latio
787 3183 1112 3262 imperium
1133 3230 1150 3255 ,
1193 3183 1441 3261 magnis·
1471 3184 1812 3241 instructus·
1843 3186 2036 3262 copiis
2049 3184 2578 3262 praestolabatur.
2661 3193 2804 3240 tan-

601 3280 732 3326 tum
764 3270 927 3348 regis
943 3267 1296 3347 periculum
1324 3288 1465 3324 cum
1490 3270 1872 3347 imperatrici
1887 3290 2002 3347 per
2032 3271 2336 3328 occultum
2363 3268 2630 3329 indicem
2654 3287 2809 3326 reve·

601 3354 801 3412 latam
819 3353 1046 3429 fuisset
1062 3397 1082 3429 ‚
1144 3353 1263 3410 illa
1286 3352 1722 3433 magnitudine
1748 3355 1990 3413 sceleris
2015 3358 2374 3433 perterrita,
2433 3376 2627 3438 quam
2652 3353 2808 3413 velo-

602 3441 841 3497 cissime
864 3441 1090 3497 marito
1115 3436 1526 3517 proditionem
1561 3440 1914 3519 significat.-
1956 3443 2165 3521 sicque
2191 3438 2420 3500 detecto
2453 3438 2616 3517 dolo,
2648 3458 2807 3498 com-

370 3535 389 3565 ⁶
591 3524 905 3606 prehensis
968 3527 1247 3600 sicariis,
1313 3522 1638 3604 praevenio
1701 3527 1982 3584 criminis·
2028 3537 2275 3586 auctore
2338 3538 2394 3585 et
2451 3538 2666 3605 capto,
2733 3520 2805 3580 de

602 3611 888 3669 omnibus
916 3608 1210 3689 condigne
1243 3614 1575 3669 sumuntur
1601 3612 1928 3689 supplicia.
1994 3613 2343 3671 caniclinus
2369 3615 2583 3670 etenim
2602 3611 2802 3692 primo

603 3695 841 3777 effossis
907 3696 1102 3755 oculis
1170 3697 1504 3775 linguaque
1558 3697 1887 3775 perforata
1943 3701 2195 3777 gutturi
2247 3700 2615 3757 transmissa
2672 3695 2799 3752 sim

604 3784 992 3841 miseratione
1015 3782 1353 3839 miserabili
1383 3791 1571 3839 morte
1598 3783 2035 3861 vitam-linivit.
2081 3783 2157 3842 de
2187 3782 2511 3843 Theodoro
2538 3779 2796 3862 Stypiotn

604 3867 895 3928 caniclino
940 3889 996 3931 v.
1033 3867 1229 3927 Cuiac.
1257 3867 1334 3925 ad
1361 3866 1465 3946 leg.
1493 3871 1535 3932 2
1568 3867 1716 3928 eod.
1748 3868 1823 3927 de
1852 3869 2024 3933 Petit.
2054 3869 2263 3930 bonor.
2292 3869 2333 3932 l.
2371 3875 2471 3936 10.

769 4041 827 4099 p.
857 4022 980 4088 185
1021 4038 1079 4082 v.
1111 4027 1170 4087 2.
1257 4016 1651 4101 πριμικήριον
1692 4026 1802 4101 τῆς
1847 4016 2071 4103 αὐλῆς]
2127 4022 2581 4104 Pyrrhogeorgii
2616 4017 2791 4087 istius,

595 4114 670 4164 ut
697 4116 754 4164 et
779 4106 1084 4184 dignitatis
1110 4107 1432 4186 primicerii
1467 4107 1638 4165 aulae
1683 4128 1801 4185 qua
1826 4109 2139 4188 insignitus
2161 4110 2307 4186 suit,
2351 4107 2620 4170 meminit
2642 4102 2794 4163 idem

597 4190 916 4249 Cinnamus
943 4192 985 4251 1.
1019 4197 1081 4256 2.
1188 4201 1248 4251 at
1285 4193 1456 4271 quale
1493 4193 1674 4252 fuerit
1708 4192 2047 4254 istiusmodi
2089 4194 2269 4255 officii
2309 4193 2547 4276 palatini
2587 4204 2793 4250 mmm

598 4285 758 4337 certe
788 4277 862 4335 ab
888 4275 993 4335 illo
1028 4278 1207 4338 unico
1236 4279 1527 4358 scriptore
1562 4279 1880 4355 docemur,
1924 4282 2245 4360 praefuisse
2275 4299 2486 4360 nempe
2520 4270 2795 4338 tubicini·

595 4360 709 4421 bus
735 4361 1165 4441 imperatoriis,
1212 4363 1286 4423 de
1318 4364 1534 4441 quibus
1560 4365 1674 4444 agit
1710 4366 1977 4426 Codinus
2002 4387 2050 4430 c.
2085 4370 2125 4434 5
2153 4388 2212 4428 n.
2248 4367 2330 4432 15
2360 4374 2420 4427 et
2450 4385 2504 4433 c.
2538 4366 2579 4429 6
2605 4382 2660 4423 n.
2690 4360 2792 4421 20·
