3064 4890
503 304 591 373 IN
619 304 1096 373 HISTORIAM
1121 304 1465 373 IOANNIS
1495 304 1847 374 clNNAMl
1875 307 2182 376 NOTAE.
2310 306 2455 380 383

420 494 476 554 p.
503 470 629 541 249
654 490 716 535 v.
743 477 803 539 7.
885 465 1376 554 Ὀστρουμπίτζα]
1422 473 1595 549 Quae
1619 469 1803 532 hodie
1837 476 2202 536 Ostrovitza.

412 596 470 656 p.
491 575 620 641 250
646 596 712 636 v-
746 580 804 642 1.
893 571 1180 655 βασιλεῦς
1207 570 1274 637 δὲ
1299 567 1728 655 Ἀνδρόνικον]
1772 575 2006 636 Nicetes
2028 576 2068 641 l.
2095 578 2139 643 4
2163 598 2223 639 n.
2251 576 2293 641 4
2316 585 2376 637 et
2394 576 2456 655 5,

263 660 404 724 will.
429 662 643 741 Tyrius
671 661 715 721 l.
749 666 833 728 20
860 680 914 720 c.
945 665 1008 726 2.
1079 681 1142 722 v.
1171 669 1418 719 stemma
1446 663 1730 721 Comnen.

406 783 468 826 v.
494 767 555 827 8.
597 767 716 826 τοῦ
738 757 890 846 παρ’
913 759 1066 843 ἡμῖν
1096 761 1382 844 νομίμου]
1425 761 1735 822 mathaeus
1760 761 2089 823 Monachus
2118 763 2184 823 in
2209 763 2451 838 Quaest.

259 846 657 909 Matrimonial.
702 848 740 907 l.
767 853 809 914 8
859 849 1013 908 luris
1049 848 1511 908 Graeco-Rom.
1555 869 1615 928 p.
1654 847 1782 913 482
1830 849 1907 907 ad
1948 851 2225 927 quintum
2263 869 2452 929 usque
2483 882 2486 885 ·

254 933 487 1011 gradum
514 933 850 1015 prohibitas
869 935 1046 994 fuisse
1075 934 1237 1014 apud
1256 935 1515 993 Graecos
1548 935 1626 994 ob
1653 933 2009 994 affinitatem
2037 936 2272 1015 nuptias
2300 940 2452 994 scri-

254 1017 359 1078 bit:
399 1019 602 1100 μέχρις
625 1023 742 1083 τοῦ
766 1019 1041 1096 πέμπτου
1081 1023 1337 1102 βαθμοῦ
1368 1014 1569 1100 πάντη
1611 1017 1679 1084 τὸ
1711 1020 1773 1096 ἕξ
1810 1014 2148 1104 ἆγγιστείας
2181 1015 2452 1086 κεκώλυ-

68 1170 71 1197 Ι
156 1136 167 1147 ·
251 1126 353 1167 ται.
434 1126 498 1165 v.
525 1099 807 1186 Pachym.
838 1106 879 1165 1.
911 1110 951 1171 6
982 1125 1036 1167 c.
1066 1111 1124 1172 6.

396 1228 460 1289 p.
498 1210 618 1275 251
650 1228 712 1269 v·
741 1211 802 1272 8.
880 1198 966 1286 ἦν
996 1231 1086 1282 τις
1115 1201 1498 1289 Δημήτριος]
1543 1207 1610 1267 Id
1643 1208 1822 1267 etiam
1861 1207 2046 1268 habet
2075 1208 2310 1269 Nicetes
2335 1209 2376 1268 l.
2406 1213 2447 1272 7

254 1311 297 1351 c.
325 1291 375 1356 5.
458 1314 520 1358 v.
547 1303 851 1375 praeterea
880 1294 1135 1354 Leonem
1163 1295 1343 1356 Anat.
1379 1293 1454 1353 de
1487 1295 1646 1356 Eccl.
1680 1293 1884 1356 Occid.
1915 1305 1977 1355 et
2008 1295 2240 1355 Orient.
2273 1313 2445 1376 perp.
2557 1300 2570 1323 ⁸

251 1396 390 1439 cons.
420 1378 469 1444 l.
500 1386 543 1446 2
575 1401 625 1444 c.
659 1385 824 1445 1211.
850 1382 911 1446 4.

392 1502 460 1561 p-
485 1484 612 1548 252
645 1503 707 1547 v.
738 1487 799 1547 2.
884 1477 1116 1547 οὐκοῦν
1160 1479 1445 1564 βασιλεῦς
1489 1480 1641 1563 ἔφη]
1702 1482 2078 1543 Gaudentius
2124 1481 2446 1543 Brixiensis

242 1564 538 1648 episcopus
584 1569 647 1626 in
684 1569 1089 1648 Responsione
1129 1568 1209 1628 ad
1244 1568 1496 1628 Paulum
1522 1568 1687 1629 Diac.
1731 1569 1805 1630 de
1843 1589 1911 1628 eo
1961 1569 2126 1648 quod
2164 1568 2442 1628 dominus

239 1653 384 1710 lesus
429 1651 588 1713 dixit
634 1655 950 1734 apostolis:
1013 1656 1166 1734 quia
1188 1665 1375 1734 pater
1413 1656 1615 1713 maior
1650 1677 1743 1714 me
1792 1667 1913 1714 est.-
1971 1654 2198 1735 duplex
2240 1666 2329 1714 εει
2374 1657 2443 1713 in

244 1736 479 1798 Christo
508 1738 891 1818 substantia,
937 1762 1070 1798 una
1087 1743 1379 1819 propria,
1425 1741 1562 1799 alia
1585 1753 1829 1823 nostra,
1874 1743 2005 1799 iam
2031 1763 2183 1799 sua:
2230 1740 2303 1799 id
2332 1750 2438 1816 est,

240 1843 355 1881 una
380 1822 518 1902 dei,
582 1826 717 1885 alia
741 1826 1027 1887 hominis.
1094 1827 1288 1906 filius
1328 1829 1487 1885 enim
1532 1825 1672 1904 dei,
1738 1850 1806 1886 ex
1846 1849 1967 1908 qao
2012 1849 2149 1886 eum
2189 1826 2440 1886 illibata

235 1911 394 1990 virgo
412 1915 659 1991 peperit
693 1909 766 1971 de
791 1917 1022 1993 spiritu
1046 1923 1259 1971 sancto
1289 1923 1670 1992 conceptam,
1716 1924 1902 1994 atque
1929 1908 2045 1972 hoc
2069 1934 2286 1994 genere
2314 1933 2440 1972 na·-

237 1994 431 2054 scendi
466 1997 713 2056 verbum
744 2019 889 2057 caro
901 1999 1163 2078 sactum
1194 2009 1281 2057 εει
1309 2009 1365 2057 ει
1392 1998 1700 2058 habitavit
1724 2002 1790 2058 in
1818 1999 2013 2076 nobis,
2057 1999 2217 2058 idem
2247 2001 2439 2077 coepit

234 2083 551 2163 consilius
583 2084 887 2160 hominis,
928 2087 1041 2166 qui
1066 2087 1135 2143 in
1150 2087 1461 2164 principio
1486 2096 1619 2143 erat
1653 2083 1834 2164 apud
1846 2078 2294 2164 patremfilias
2318 2082 2437 2158 dei,

235 2171 435 2247 utique
465 2167 619 2228 deus
659 2170 910 2230 verbum
939 2180 1047 2230 etc.
1131 2170 1474 2231 Ferrandus
1507 2168 1844 2250 Carthagin.
1892 2171 2047 2230 Diac.
2078 2170 2320 2251 Epistol.
2357 2169 2438 2229 ad

233 2253 598 2315 Anatolium:
641 2258 702 2313 si
735 2259 879 2336 quis
910 2260 1131 2315 iterum
1158 2259 1466 2337 requirat,
1500 2266 1688 2334 pater
1718 2257 1922 2314 maior
1946 2278 2044 2322 me,
2066 2268 2180 2332 εει,
2225 2268 2438 2314 utrum

230 2359 334 2397 vox
355 2342 482 2399 ista
512 2340 849 2401 secundum
874 2340 1260 2402 divinitatem
1277 2343 1538 2423 prolata
1559 2344 1660 2418 sit,
1691 2362 1774 2400 an
1801 2340 2131 2400 secundum
2146 2342 2438 2400 humani.

233 2434 422 2506 tatem,
430 2425 833 2507 fiducialiter
856 2428 1180 2509 respondeo
1206 2426 1536 2489 secundum
1563 2427 2031 2504 humanitatem,
2075 2450 2196 2488 non
2227 2449 2439 2487 secun-

232 2507 368 2571 dum
414 2513 833 2577 divinitatem.
928 2516 1163 2576 ldacius
1206 2516 1414 2575 Clarus
1459 2512 1746 2575 adversus
1786 2512 2202 2573 varimadum:
2243 2514 2438 2592 filius

231 2600 420 2658 minor
448 2611 537 2658 est
567 2611 755 2680 patre
785 2605 851 2661 in
880 2600 1202 2682 adsumpti
1230 2601 1502 2660 hominis
1528 2601 1752 2680 jbrma
1768 2643 1786 2675 ,
1831 2599 2114 2678 aequalis
2138 2621 2274 2658 vero
2289 2620 2433 2679 pa-

230 2685 308 2741 tri
339 2696 426 2743 est
466 2690 536 2745 in
575 2684 830 2746 deitatis
871 2698 1138 2747 naturae
1182 2688 1553 2747 substantia.
1638 2685 1726 2743 ita
1753 2686 1969 2766 passim
1995 2685 2186 2744 sancti
2214 2693 2431 2764 patres.

228 2767 356 2828 vide
379 2771 693 2833 Sedulium
720 2773 759 2833 l.
795 2779 826 2839 1
855 2773 1117 2833 Paschal.
1146 2773 1341 2853 operis
1368 2792 1416 2831 c.
1444 2776 1552 2836 22.
1638 2769 1756 2831 hac
1781 2770 2162 2849 responsione
2188 2771 2434 2830 Arrium

230 2861 285 2913 et
309 2855 465 2916 iuius
496 2877 808 2938 sequaces,
851 2861 955 2937 qui
983 2880 1053 2920 eo
1081 2867 1433 2939 argumento
1465 2856 1754 2917 adversus
1781 2856 2104 2917 catholicos
2142 2857 2234 2916 uti
2271 2856 2431 2915 sole-

224 2936 397 3019 bant,
437 2952 514 3004 ut
542 2953 797 3004 testatur
821 2946 1092 3005 Socrates
1119 2945 1160 3008 l.
1192 2951 1223 3010 1
1263 2966 1316 3006 c.
1344 2949 1418 3025 6,
1461 2962 1694 3024 semper
1729 2943 2076 3023 iugularunt
2099 2942 2286 3002 sancti
2313 2962 2427 3023 pa-

226 3031 356 3086 tres.
441 3031 501 3089 S.
534 3030 903 3109 Augustinus
942 3031 1008 3090 in
1031 3029 1376 3092 Euchiridio
1417 3051 1466 3091 c.
1497 3032 1613 3097 35:
1662 3032 1731 3088 in
1774 3041 2082 3112 quantum
2120 3028 2271 3088 deus
2318 3038 2429 3103 εει,

225 3111 345 3188 ipse
377 3124 435 3170 ει
449 3126 638 3194 pater
664 3136 857 3174 unum
887 3127 1032 3175 sunt
1048 3141 1069 3174 .-
1113 3120 1180 3175 in
1205 3127 1506 3198 quantum
1543 3127 1752 3174 autem
1776 3116 1984 3193 homO,
2017 3127 2202 3196 pater
2223 3116 2426 3174 maior

225 3206 305 3253 εει
330 3197 462 3261 illo.
550 3200 850 3261 Arnobius
888 3201 1092 3262 Iunior
1130 3204 1192 3262 in
1236 3202 1524 3263 conflictu
1562 3222 1700 3261 cum
1731 3202 2055 3282 Serapione
2079 3201 2120 3261 l.
2145 3208 2216 3266 2:
2258 3204 2329 3259 in
2352 3221 2423 3257 ea

206 3280 454 3363 forma,
508 3287 577 3346 in
617 3308 746 3367 qua
767 3288 963 3367 filius
990 3292 1200 3367 patris
1225 3301 1313 3349 εει
1340 3292 1471 3347 sine
1493 3298 1721 3362 matre,
1778 3291 1905 3368 ipse
1935 3298 1989 3346 ει
2015 3298 2199 3367 pater
2225 3307 2420 3345 unum·

221 3373 508 3460 &unte-in
551 3393 627 3431 ea
669 3394 817 3433 vera
837 3373 1093 3453 forma,
1158 3377 1224 3433 in
1270 3396 1397 3456 qua
1430 3375 1626 3454 filius
1665 3377 1890 3433 matris
1936 3382 2025 3432 εει
2054 3375 2184 3431 εἰπε
2216 3383 2416 3452 patre,

208 3463 389 3529 patre
412 3458 616 3516 minor
646 3469 752 3518 εει.
835 3470 1129 3519 naturam
1157 3463 1315 3520 enim
1346 3461 1627 3520 servilem
1660 3461 2018 3541 assumpsit,
2050 3460 2116 3517 in
2144 3477 2269 3540 qua
2298 3476 2423 3515 non

214 3538 416 3599 colum
446 3540 557 3601 deo
580 3553 767 3624 patre
793 3547 994 3604 minor
1026 3557 1204 3622 esset,
1261 3544 1376 3605 sed
1418 3557 1473 3604 ει
1507 3557 1703 3604 matre
1741 3556 1988 3604 tantum
2026 3545 2226 3602 minor
2251 3551 2419 3617 esset,

216 3637 515 3701 quantum
542 3632 769 3690 matris
791 3633 1058 3713 virginis
1083 3635 1404 3692 annositas
1450 3634 1794 3692 exstitisset.
1875 3627 2117 3708 Vigilius
2161 3629 2419 3709 episcop.

212 3706 625 3776 Tridentinus:
668 3718 731 3774 si
767 3738 907 3796 ergo
941 3718 1281 3779 secundum
1300 3719 1708 3799 professionis
1731 3727 1877 3775 tuae
1900 3713 2144 3797 (Arrii)
2179 3725 2418 3774 senten-

211 3795 368 3853 ὶίαπι
424 3800 763 3880 aliquanta
805 3801 1165 3880 divinitati,
1238 3803 1548 3863 nonnulla
1586 3823 1724 3864 vero
1758 3802 2143 3861 humanitati
2181 3799 2418 3861 adscri-

210 3876 407 3941 buada
432 3898 598 3962 sune,
634 3907 749 3946 cur·
776 3908 899 3947 non
932 3889 1050 3947 hoc
1085 3887 1251 3970 quod
1273 3892 1386 3966 αἰι,
1407 3901 1597 3970 pater
1617 3890 1820 3947 maior
1846 3909 1939 3947 me
1964 3898 2085 3962 εει,
2126 3886 2426 3946 humani—-

208 3968 336 4023 tati
376 3980 425 4026 ει
458 3970 635 4051 quod
670 3975 801 4052 ait,
858 3994 968 4055 ego
1017 3986 1073 4034 ec
1104 3987 1285 4058 pater
1319 3997 1516 4036 unum
1551 3995 1806 4055 sumus,
1863 3970 2188 4036 divinitati
2233 3994 2422 4054 repu-

205 4057 415 4111 tamus
443 4053 479 4116 Ρ

380 4175 441 4236 P·
470 4159 598 4227 253
640 4180 703 4223 v.
731 4165 830 4227 12.
915 4159 1035 4226 κᾶν
1069 4186 1128 4225 τι
1165 4165 1623 4246 διερμηνεῦσαι]
1684 4162 1999 4242 Perspicax
2029 4161 2313 4223 Manuelis
2351 4169 2415 4221 et

200 4247 448 4302 acutum
483 4245 791 4325 ingenium
812 4247 1209 4327 eloquentiam
1246 4261 1311 4312 et
1334 4252 1401 4312 in
1434 4251 1616 4314 rebus
1645 4249 1990 4332 theologicis
2015 4249 2413 4311 eruditionem

199 4330 580 4393 commendat
610 4333 838 4416 pariter
861 4335 1120 4399 Nicetas.
