3064 4890
686 723 772 830 P
856 724 956 829 R
1040 723 1138 828 A
1223 724 1308 831 E
1395 723 1667 875 ΕΑ
1755 720 1855 833 Τ
1942 722 2172 833 10

938 912 1073 990 IN
1142 911 1930 988 HISTORIAM

442 1061 1347 1154 IOANNIS
1464 1061 2414 1152 GINNAMI.

328 1412 518 1523 Cum
554 1481 898 1548 propensus
941 1481 1084 1544 erga
1121 1462 1331 1527 literas
1377 1482 1600 1529 omnes
1651 1472 1936 1549 artesque
1981 1458 2280 1542 ingenuas
2329 1478 2526 1539 amor,

324 1585 454 1626 non
481 1561 741 1627 decorus
768 1566 969 1628 solum
994 1566 1371 1653 principibus
1400 1566 1588 1645 viris,
1637 1565 1839 1650 iisque
1885 1586 2041 1651 quos
2083 1562 2165 1629 ad
2193 1563 2524 1629 hominum

326 1666 586 1754 imperia
614 1688 992 1754 magnasque
1018 1690 1119 1732 res
1154 1680 1219 1732 et
1250 1666 1472 1730 arduas
1501 1665 1944 1755 capessendas,
1988 1688 2099 1731 seu
2132 1668 2327 1735 virtus
2348 1713 2366 1745 ,
2409 1687 2522 1730 seu

323 1782 539 1833 natura
564 1771 810 1850 genuit,
876 1769 994 1834 sed
1036 1772 1229 1837 etiam
1263 1772 1706 1859 perutilis-iure
1737 1781 2085 1837 censeatur:
2137 1782 2269 1835 tum
2293 1769 2352 1833 is
2379 1789 2520 1841 ma-

320 1873 495 1935 xime
541 1873 649 1958 qui
687 1885 968 1937 versatur
1005 1875 1073 1937 in
1119 1877 1239 1937 hoc
1269 1872 1494 1953 studio,
1547 1872 1712 1960 quod
1739 1874 1805 1941 in
1831 1874 2129 1937 historiae
2157 1884 2221 1935 et
2251 1872 2520 1957 antiqui-

322 1977 467 2039 tatis
509 1976 767 2039 scientia
803 1977 994 2040 situm
1036 1990 1149 2041 est.
1253 1999 1336 2043 ex
1380 1998 1456 2041 ea
1495 1979 1722 2065 quippe
1762 1997 1889 2041 non
1912 1976 2298 2063 superiorum
2322 1971 2516 2037 modo

322 2079 611 2142 notitiam
635 2091 942 2159 aetatum,
992 2078 1107 2143 sed
1152 2092 1215 2142 et
1253 2091 1415 2143 certa
1456 2080 1658 2145 civilis
1683 2078 2048 2168 prudentiae
2076 2088 2292 2164 petunt
2324 2074 2516 2141 docu-

323 2193 563 2261 menta,
615 2194 679 2245 et
707 2184 929 2247 alienis
956 2184 1259 2271 exemplis
1285 2195 1349 2249 et
1375 2183 1618 2246 casibus
1667 2185 1736 2246 in
1783 2183 1913 2246 suis
1958 2184 2063 2246 vel
2088 2179 2516 2271 communibus

325 2283 606 2365 gerendis
642 2287 826 2350 rebus
865 2287 1032 2350 nullo
1074 2308 1189 2350 suo
1234 2287 1503 2375 periculo
1535 2287 1835 2351 cautiores
1874 2283 2165 2350 evadunt.
2262 2295 2327 2346 et
2361 2303 2511 2348 vero

318 2386 579 2452 historia
618 2390 914 2472 magistra
954 2410 1234 2470 morum,
1313 2402 1378 2454 et
1412 2391 1622 2473 regula
1668 2389 1935 2476 posteris
1982 2399 2109 2468 est,
2201 2375 2516 2472 adquam

320 2492 522 2558 vitam
560 2490 822 2575 dirigere
858 2514 1039 2556 suam
1078 2495 1394 2572 iubentur3
1461 2506 1525 2557 et
1550 2491 1854 2580 quaedam
1884 2493 2042 2558 clara
2073 2493 2184 2554 lux
2211 2489 2511 2570 veritatis,

329 2613 487 2677 quae
516 2595 705 2660 sicubi
743 2598 1053 2676 aberrent,
1105 2609 1212 2660 aut
1255 2594 1660 2678 degenerent,
1711 2595 2080 2682 pravitatem
2121 2611 2510 2676 erroremque

320 2695 391 2758 in
417 2699 668 2761 obscuro
693 2720 837 2764 esse
861 2722 992 2763 non
1019 2700 1186 2764 sinit.
1283 2720 1433 2788 prae
1463 2699 1716 2784 reliquis
1745 2708 1955 2760 autem
1986 2695 2507 2779 Constantinopo-

315 2800 647 2864 litanomm
689 2804 1132 2890 imperatorum
1185 2805 1438 2866 annales
1491 2801 1796 2888 frequenti
1843 2822 2048 2864 rerum
2098 2800 2508 2862 humanarum
2551 2821 2563 2834 ’

218 2959 227 2966 .
315 2906 745 2990 fortunaeque,
795 2927 982 2992 quam
1004 2907 1073 2969 in
1103 2907 1183 2969 iis
1208 2908 1409 2986 legere
1439 2918 1566 2985 est,
1617 2902 2064 2982 vicissitudine,
2115 2899 2262 2989 quid
2293 2912 2508 2964 tenen-

304 3002 469 3070 „dum
505 3006 950 3094 vitandumque
990 3010 1108 3087 sit,
1161 3010 1408 3072 attentis
1439 3010 1754 3076 variorum
1785 3019 2121 3070 eventuum
2144 3004 2503 3067 aestimato-

310 3110 486 3172 ribus
524 3109 696 3176 haud
736 3113 993 3175 obscure
1029 3109 1472 3176 demonstrant.
1571 3112 1755 3174 huius
1793 3133 1976 3198 porro
2022 3107 2503 3191 Byzantinarum

312 3211 615 3275 historiae
641 3236 847 3277 rerum
877 3217 945 3278 in
971 3235 1111 3278 eam
1137 3237 1252 3296 ego
1278 3228 1518 3303 partem
1545 3211 1824 3278 studiose
1850 3212 2039 3292 mihi,
2092 3232 2162 3272 ac
2208 3230 2357 3273 sane
2373 3255 2391 3286 ,
2435 3207 2503 3269 ni

313 3316 512 3392 fallor,
553 3316 780 3380 utiliter
799 3315 1278 3381 incumbendum
1300 3321 1538 3405 putavi,
1579 3337 1736 3404 quae
1763 3328 1826 3378 et
1856 3315 2179 3380 videbatur
2208 3333 2244 3373 a
2272 3310 2500 3376 nostris

312 3417 676 3482 hominibus
708 3417 908 3482 adhuc
930 3433 1037 3484 aut
1062 3423 1373 3501 ignorata,
1428 3434 1534 3485 aut
1556 3422 1784 3500 relicta,
1817 3431 1879 3482 et
1903 3417 2152 3481 arctiori
2181 3412 2499 3508 cognatio-

312 3519 417 3583 nis
453 3542 622 3584 nexu
667 3543 809 3586 cum
834 3521 1084 3589 Gallicis
1125 3522 1406 3588 devincta
1460 3536 1641 3609 atque
1682 3523 2033 3599 coniuncta,
2092 3518 2246 3580 lucis
2268 3513 2496 3578 iisdem

309 3623 644 3709 plurimum
671 3627 893 3689 afferre
925 3639 1156 3715 posset.
1254 3648 1366 3690 eos
1396 3625 1581 3709 igitur
1617 3624 2072 3688 commentariis
2111 3633 2173 3683 et
2209 3614 2492 3681 animad-

309 3728 703 3792 versionibus
735 3741 1011 3793 auctores
1040 3727 1432 3794 illustrandos
1463 3728 1781 3807 constitui,
1848 3729 1954 3812 qui
1983 3727 2049 3789 in
2072 3722 2140 3786 id
2167 3722 2491 3810 praecipue

314 3831 540 3910 stylum
578 3834 993 3911 contulerunt,
1054 3843 1124 3895 ut
1170 3853 1313 3896 eam
1349 3834 1542 3897 literis
1582 3841 2029 3896 consecrarent:
2097 3838 2164 3889 ut
2204 3832 2493 3914 appareat

309 3952 434 3995 non
494 3936 722 3998 frustra
774 3936 1195 4023 amplissimos
1249 3937 1450 4015 viros,
1526 3936 1635 4020 qui
1679 3935 2035 3998 universam
2079 3928 2492 4011 Byzantinam

309 4032 638 4100 historiam
660 4039 830 4125 typis
859 4039 1046 4119 regiis
1070 4040 1364 4102 hactenus
1396 4036 1702 4102 edendam
1725 4047 2005 4125 curarunt
2020 4082 2038 4112 ,
2083 4051 2336 4122 operam
2362 4028 2492 4089 col-

306 4137 573 4218 locasse,
638 4161 768 4225 quo
806 4161 935 4205 non
979 4153 1401 4205 senescentem
1428 4139 1665 4226 modo,
1731 4137 1844 4202 sed
1885 4137 2250 4201 exstinctam
2280 4150 2493 4218 prope,

304 4242 675 4330 scriptorum
720 4253 863 4307 tam
901 4244 1226 4312 illustrium
1260 4242 1511 4308 laudem
1554 4256 1619 4320 et
1649 4242 2018 4306 memoriam
2061 4239 2140 4300 ab
2179 4233 2495 4302 oblivione
2557 4227 2562 4232 ’
