3064 4890
546 347 637 414 IN
664 345 1138 417 HISTORIAM
1161 346 1508 417 IOANNIS
1538 347 1889 418 cmm
1916 351 2220 419 NOTAE.
2335 349 2483 426 34⁷

278 501 688 574 Alexandrum
708 510 867 573 Mon.
888 511 1006 591 l.6,
1037 510 1258 577 chron.
1283 510 1627 574 monasterii
1652 515 1710 579 8.
1736 513 2007 577 Bai-thol.
2038 515 2115 578 de
2145 516 2483 599 Carpineto,

277 599 427 665 nob.
466 598 548 659 de
576 599 784 659 Monte
820 606 881 657 et
906 597 1094 659 Nicol.
1128 599 1469 660 Trivettum
1505 600 1571 658 A.
1600 601 1763 667 1165
1799 601 1964 668 1156
1994 610 2057 661 st
2089 607 2289 680 1168,
2335 603 2485 665 Acta

278 682 607 745 Alexandri
635 684 720 744 111
743 703 846 764 pp.
869 683 1032 765 apud
1054 683 1271 746 Baron.
1301 683 1370 746 A.
1405 689 1602 759 1169,
1646 684 1942 745 Othonem
1974 686 2222 766 Frising.
2253 688 2292 751 l.
2326 694 2368 755 2
2405 690 2481 749 de

278 771 434 830 Gest-
454 769 703 830 Freder.
737 789 787 829 c.
809 773 893 836 29
920 778 983 829 et
1009 768 1386 829 Guutherum
1412 770 1450 830 l.
1478 772 1518 836 5
1544 770 1763 852 Ligur„
1815 772 1975 852 apud
2004 787 2152 850 quos
2180 774 2482 834 liebertus

284 855 652 917 Cavillemis
680 873 877 914 eomes
898 854 1122 915 dicitur
1137 900 1157 933 ‚
1197 873 1508 936 perperam
1545 857 1760 936 opinor
1777 902 1793 933 ,
1836 875 1949 936 pro
1982 860 2482 919 Bas-savinensis.

278 957 467 1021 neque
508 941 768 1021 felicius,
810 939 876 1000 ni
906 940 1113 1018 fallor,
1159 939 1495 1001 Chronicou
1521 944 1581 1001 S.
1607 941 2043 1002 Bartholomaei
2065 944 2141 1002 de
2166 945 2485 1025 Get-pineto

277 1025 349 1087 de
397 1025 748 1086 hienvilla
785 1043 1112 1110 cognomen
1147 1026 1202 1084 ei
1240 1025 1493 1087 indidit:
1536 1029 1646 1086 etsi
1682 1028 1745 1086 in
1790 1027 2152 1088 Normannia
2190 1030 2488 1090 exstiterit

275 1112 520 1172 illustris
551 1111 781 1171 familia'
799 1110 984 1170 hacce
1008 1110 1432 1193 appellativum
1472 1111 1580 1171 hic
1608 1123 1816 1172 autem
1857 1112 2188 1193 (Rogerius
2208 1116 2354 1191 rex)
2397 1137 2487 1173 re-

278 1198 463 1278 aquis
497 1196 624 1256 eibi
651 1215 1053 1256 successorem
1097 1200 1167 1256 in
1206 1217 1464 1278 regnum
1483 1198 1707 1277 filium
1733 1219 1919 1257 suun
1955 1202 2193 1259 nomine
2224 1202 2487 1262 Gamel-

280 1301 444 1342 mum
460 1330 479 1361 ‚
526 1281 838 1342 mandam
876 1284 934 1341 ei
981 1293 1054 1341 ut
1098 1284 1434 1343 liebertum
1481 1281 1557 1343 de
1618 1285 1968 1344 Tattam‘lla
1993 1285 2217 1364 filium
2259 1288 2489 1345 sororis

276 1390 422 1429 mae
453 1370 707 1448 faceret
757 1370 1029 1428 comitem
1064 1368 1372 1430 Loritelli.
1455 1369 1711 1429 familias
1749 1389 1900 1431 vero
1946 1370 2385 1430 Bassavillensis
2421 1372 2490 1431 in

269 1454 642 1514 Not-mannia
669 1453 939 1513 meminit
968 1451 1301 1516 Ordericus
1324 1454 1532 1515 vitalis
1552 1453 1597 1514 l.
1626 1459 1665 1520 8
1697 1475 1756 1535 p.
1778 1456 1925 1522 479.
2013 1463 2078 1514 at
2121 1456 2219 1516 cui
2261 1457 2325 1515 in
2373 1455 2490 1515 hac

268 1540 565 1621 dignitate
589 1538 939 1599 successerit
960 1539 1292 1617 Robertus,
1332 1559 1457 1599 non
1484 1540 1740 1601 tradunt
1767 1541 2101 1621 scriptores.
2184 1545 2326 1601 'nam
2352 1549 2491 1601 ante

266 1625 440 1686 illum
485 1625 839 1688 comitatum
879 1623 1145 1685 Loritelli
1186 1626 1499 1706 possedere
1546 1641 1823 1705 proceres
1871 1626 2201 1686 Normanni
2223 1670 2240 1701 ‚
2297 1628 2403 1706 qui
2452 1645 2488 1686 a

266 1711 581 1771 Gauii-edo
611 1710 997 1791 Capitanatae
1023 1710 1271 1789 comite,
1314 1709 1630 1771 Guiscardi
1660 1712 1847 1771 fratre
1864 1759 1884 1789 ,
1936 1729 2120 1789 genus
2151 1711 2484 1772 ducebant:

262 1815 484 1876 nempe
507 1795 809 1855 Robertus
837 1796 864 1855 1
896 1795 1182 1856 Gautredi
1213 1796 1402 1874 filius,
1443 1796 1747 1857 Robertus
1770 1793 1821 1856 ll
1859 1797 2109 1857 Roberti
2137 1797 2160 1857 l
2188 1796 2379 1873 filius,
2418 1807 2481 1858 et
2514 1800 2560 1855 P
2595 1798 2699 1858 455

265 1883 627 1943 Guillelmus
668 1880 920 1941 Roberti
948 1881 1000 1941 ll
1039 1881 1215 1943 filius.
1301 1881 1608 1941 Guillelmi
1638 1882 1957 1941 meminere
1988 1881 2220 1961 aliquot
2244 1883 2484 1943 tabuhe

266 1967 332 2029 A.
358 1970 538 2035 1187
585 1966 801 2046 quibus
839 1966 1010 2028 varia
1051 1966 1211 2027 dona
1241 1968 1494 2027 contulit
1523 1968 1777 2027 ecclesiis
1806 1968 2163 2048 Scyllacensi
2192 1977 2256 2030 et
2279 1969 2483 2029 Teati-

265 2070 406 2129 nae,
450 2053 518 2112 in
565 2052 781 2130 quibus
816 2052 1113 2111 Loretelh‘
1137 2056 1413 2112 comitem
1442 2057 1732 2112 comitum
1765 2072 1892 2113 sese
1921 2053 2228 2130 inscribit,
2266 2055 2482 2115 memi-

265 2142 482 2219 nitque
524 2138 775 2198 Roberti
814 2137 1080 2217 parentis
1124 2147 1186 2199 et
1213 2137 1463 2199 Roberti
1492 2140 1590 2199 avi
1614 2141 1724 2203 sui.
1808 2139 1950 2200 vido
1981 2140 2143 2199 Pam
2174 2138 2336 2200 Diae.
2363 2139 2403 2200 l.
2437 2137 2481 2205 4

264 2224 409 2286 chr.
441 2222 641 2283 (λείη.
670 2244 719 2287 c.
747 2221 832 2291 48
863 2228 1018 2299 1173
1059 2224 1356 2283 Guillelmi
1393 2225 1576 2304 igitur
1616 2224 1802 2301 bona,
1859 2224 2123 2285 fortassis
2170 2224 2249 2284 ob
2282 2225 2482 2285 rebel-

261 2310 490 2371 lionem
535 2317 644 2369 aut
691 2310 827 2369 iure
874 2307 1113 2385 caduci,
1183 2310 1436 2390 Rogerio
1475 2309 1603 2388 regi
1639 2328 1862 2369 cessere
1878 2353 1896 2386 ,
1975 2318 2155 2387 atque
2212 2309 2485 2392 inprimis

259 2394 683 2458 Loretellensis
744 2393 1089 2472 comitatus,
1147 2413 1324 2474 quem
1379 2394 1649 2455 Roberto
1700 2394 1777 2455 de
1812 2393 2130 2457 Bassavilla
2175 2413 2252 2455 ex
2297 2397 2487 2478 patris

262 2489 593 2564 praecepto
635 2478 986 2540 Guillelmus
1018 2480 1045 2539 1
1091 2480 1320 2540 Siciliae
1356 2499 1469 2541 rex
1508 2480 1828 2541 concessite
1871 2499 1948 2539 ex
1993 2496 2115 2559 quo
2151 2479 2255 2539 ille
2292 2480 2393 2540 dei
2432 2494 2489 2541 et

266 2571 446 2649 regia
484 2568 708 2648 gratia
737 2567 1104 2645 palatinum
1150 2569 1420 2626 comitem
1450 2565 1743 2625 Loretelli
1780 2575 1835 2623 et
1869 2565 2240 2645 cupersani,
2267 2567 2489 2646 fllium

266 2665 322 2713 et
348 2650 681 2714 haeredem
706 2650 942 2711 domini
975 2651 1229 2712 Roberu’
1272 2652 1743 2731 Cispersanmsia
1771 2652 2015 2709 comitia
2030 2698 2049 2729 ‚
2091 2660 2149 2709 ee
2172 2648 2491 2711 dominum

267 2741 560 2799 τίνίεαιίε
580 2739 806 2798 Divina·
829 2754 952 2797 sese
977 2736 1296 2816 inscripsit,
1336 2744 1414 2797 ut
1440 2737 1739 2814 colligitur
1758 2754 1835 2796 ax
1859 2736 2180 2816 diplomate
2208 2735 2281 2797 A.
2304 2741 2489 2814 1179,

266 2824 435 2904 quod
471 2823 784 2902 descripsit
806 2821 1086 2903 Ughellus
1113 2830 1258 2883 tom.
1274 2826 1315 2887 8
1339 2822 1544 2882 Italiae
1571 2824 1783 2881 Sacrae
1808 2842 1866 2902 p.
1887 2823 2031 2886 359.
2090 2840 2275 2901 genus
2302 2840 2487 2903 porro

266 2910 538 2971 ducebat
565 2908 866 2968 Robertus
893 2907 969 2967 de
995 2907 1313 2969 Bassavilla
1347 2928 1377 2966 a
1405 2908 1723 2968 comitibus
1755 2909 2146 2983 Conversani,
2190 2908 2487 2969 Norman-

264 2996 440 3056 nicae
481 2994 705 3074 gentis,
745 2992 1116 3073 proindeque
1156 3013 1189 3053 a
1221 2994 1526 3054 Gaufredo
1560 2993 1775 3053 comite
1806 2993 2196 3071 Conversani,
2238 2994 2488 3055 Roberti

265 3079 598 3142 Guiscardi
632 3098 709 3138 ex
746 3097 951 3139 sorore
992 3086 1244 3160 nepote,
1287 3079 1363 3139 de
1403 3100 1524 3157 quo
1558 3078 1878 3138 Malaterra
1912 3077 1955 3137 l.
1986 3085 2016 3141 1
2054 3098 2106 3139 c·
2137 3085 2218 3146 10
2249 3083 2334 3147 39
2375 3080 2415 3139 l.
2442 3080 2488 3144 2

265 3186 317 3226 c.
356 3170 450 3233 39
499 3164 592 3231 40
631 3164 675 3229 l.
706 3163 745 3227 4
792 3182 842 3224 c.
873 3162 944 3240 4,
987 3164 1309 3225 ordericus
1344 3163 1520 3227 Vital.
1552 3160 1592 3224 l.
1622 3168 1666 3229 7
1704 3184 1765 3244 p.
1795 3164 1921 3231 645
1962 3162 2004 3222 l.
2036 3167 2117 3230 10
2163 3183 2222 3243 p.
2250 3168 2377 3229 780
2425 3174 2488 3225 et

268 3252 438 3317 will.
472 3248 761 3310 Gemetic.
790 3248 830 3308 1,
853 3252 894 3314 8
924 3269 978 3311 c.
1013 3248 1114 3317 14.
1198 3249 1303 3310 sed
1344 3250 1418 3309 de
1458 3248 1773 3310 comitibus
1802 3248 2167 3308 Conversani
2192 3250 2484 3327 quaedam

265 3335 585 3417 attigimus
607 3335 672 3394 in
699 3334 858 3395 notis
882 3333 963 3394 ad
986 3334 1285 3395 Alexiadis
1295 3339 1511 3415 p.388,
1535 3351 1885 3414 agemusque
1909 3331 2185 3412 pluribus
2206 3335 2269 3393 in
2285 3335 2488 3394 Fami-

265 3421 364 3481 liis
404 3420 851 3482 Normannicis.
936 3429 1198 3480 ceterum
1231 3420 1297 3481 id
1340 3420 1751 3481 observatione
1788 3419 2033 3499 dignum
2058 3419 2334 3496 videtur,
2381 3439 2487 3479 co-

265 3509 452 3567 mites
496 3504 816 3582 Loreieffi,
856 3524 981 3565 uon
1010 3505 1192 3566 modo
1225 3508 1472 3565 comites
1487 3506 1839 3585 palatinos,
1883 3503 1987 3563 sed
2022 3512 2084 3563 et
2113 3506 2360 3563 comites
2385 3526 2489 3564 co-

269 3596 501 3652 mitum
530 3609 659 3650 sess
679 3589 1065 3671 inscripsisse:
1109 3610 1186 3650 ex
1222 3591 1438 3670 quibus
1468 3590 1784 3650 conficitur
1813 3589 2033 3649 illustri
2059 3588 2175 3648 bac
2201 3589 2489 3668 dignitate

270 3677 542 3739 donatos
568 3676 748 3736 fuisse
774 3695 810 3734 a
829 3675 1197 3757 principibus
1219 3677 1659 3750 Normannicis,
1701 3683 1775 3734 ut
1789 3684 1985 3735 essent
2011 3675 2114 3752 qui
2138 3676 2200 3733 in
2226 3674 2318 3735 his
2341 3684 2488 3754 pro-2

268 3762 498 3823 vinciis
539 3770 602 3821 et
638 3760 996 3837 ditionibus,
1039 3781 1185 3840 quaa
1231 3762 1388 3823 bello
1432 3762 1860 3839 acquisierant,
1901 3763 1991 3819 uti
2024 3760 2089 3818 in
2122 3759 2492 3820 Francorum

266 3866 463 3928 reguo
494 3855 562 3906 et
588 3846 965 3907 Alemannico
994 3846 1245 3926 imperio
1272 3867 1337 3906 ea
1370 3856 1721 3927 tempestate
1760 3846 2139 3906 observatum
2170 3848 2490 3908 annotavi-

269 3954 414 3994 mus
443 3933 508 3991 in
540 3931 777 3995 dissert.
807 3931 890 3997 14
917 3932 995 3990 ad
1020 3932 1381 4009 Ioinvillam‚
1429 3953 1565 3992 cum
1606 3950 1876 4012 suprema
1913 3930 2269 3991 auctoritate
2295 3933 2356 3992 in
2389 3950 2494 3994 eo·-

265 4038 416 4081 rum
449 4016 795 4097 palatiis-ius
826 4017 1106 4077 dicerent.
1151 4018 1518 4097 proindeque
1546 4039 1684 4099 'cum
1713 4026 1940 4077 ceteros
1964 4016 2207 4077 comites
2229 4036 2303 4077 ex
2329 4019 2497 4080 istius

269 4103 591 4183 dignitatis
614 4103 1026 4184 praerogativa
1051 4105 1489 4184 praecellerent,
1527 4114 1771 4163 consides
1801 4106 2091 4161 comitum
2117 4106 2497 4185 appellaban-

268 4197 385 4249 tur
403 4233 424 4264 ‚
470 4196 544 4248 ut
570 4188 736 4267 apud
768 4188 967 4247 Gallos
997 4196 1233 4250 nostros
1261 4191 1501 4250 comites
1529 4189 1915 4268 Campaniae,
1960 4206 2085 4247 sese
2115 4192 2498 4251 Rancorum

272 4275 540 4333 comites
582 4273 1004 4335 inscribebant.
1085 4274 1201 4335 hac
1239 4294 1384 4336 vero
1425 4275 1714 4353 dignitate
1750 4273 2087 4354 gaudebant
2112 4277 2287 4355 primi
2308 4277 2495 4337 Lore-

271 4359 414 4422 teni
459 4360 726 4425 comites.
811 4376 949 4422 nam
991 4360 1342 4426 Robertusl
1371 4361 1434 4423 in
1467 4360 1675 4423 charta
1700 4359 1773 4422 A.
1806 4361 1968 4429 1096
2000 4361 2162 4442 apud
2184 4361 2495 4441 Ughelium
