3064 4890
615 331 763 405 374
914 409 922 418 ,
981 403 1012 432 N
1294 331 1605 398 canon
1653 332 1774 398 Du
1824 331 2147 397 FRESNE

611 500 884 582 Hyginus
924 500 990 559 in
1013 498 1354 560 Gromatico
1370 518 1511 569 ‚non
1543 518 1668 558 uno
1700 498 1834 558 loeo
1871 506 1933 557 et
1959 504 2188 557 veteres
2214 494 2626 575 inscriptiones
2662 492 2815 573 apud

613 589 959 649 Gruterum.
1041 586 1525 645 marescallorum
1547 585 1727 643 etiam
1749 583 1908 643 idem
1938 602 2157 642 munus
2182 582 2316 658 fuit,
2344 589 2417 640 ut
2442 590 2532 640 est
2560 581 2629 639 in
2654 580 2816 639 Flete

613 673 710 738 1.2
743 693 794 731 c.
812 672 871 748 4,
903 668 1007 730 ubi
1038 671 1115 730 de
1141 670 1338 736 officio
1361 670 1723 730 marescalli:
1768 670 2029 728 exercita
2052 669 2342 748 evigilato
2369 687 2507 725 cum
2525 667 2819 746 foratae-i-

613 758 731 817 bus
759 757 978 815 vexillo
1009 758 1310 837 explicato
1339 757 1615 835 singulis
1644 753 1860 815 diebus
1884 755 2000 813 ibit
2024 757 2093 813 in
2112 755 2547 833 protectionem
2561 778 2585 814 .-
2624 751 2693 809 id
2721 760 2818 825 est,

615 843 890 908 defensor
919 849 1008 902 est
1049 846 1171 904 τῶν
1195 837 1663 924 κουρσενὸντων.
1750 850 1912 901 certe
1941 848 2178 900 constat
2201 849 2488 898 stratores
2515 838 2581 897 id
2610 856 2821 896 mune-

611 929 696 989 ris
721 928 787 987 in
816 927 1027 987 militia
1058 928 1286 1003 obiisse,
1330 926 1496 1005 quod
1522 926 1751 987 domini
1776 927 1936 986 circa
1964 927 2294 1006 praefectos
2319 924 2643 1005 praetorio,
2680 943 2825 1001 pro-

614 1013 905 1088 consules,
934 1014 1233 1094 praesides
1250 1013 1468 1072 aliosve
1489 1013 1891 1092 magistratus,
1921 1032 2177 1090 quorum
2206 1015 2397 1091 opera*
2418 1011 2463 1069 ii
2484 1009 2549 1069 in
2573 1009 2825 1068 manda-

614 1099 696 1159 tis
738 1099 1104 1180 perferendis
1142 1108 1247 1158 aut
1292 1099 1638 1178 peragendis
1672 1098 2020 1159 utebantur.
2106 1096 2327 1156 horum
2364 1115 2651 1156 numerus
2682 1094 2825 1153 adeo

616 1203 864 1265 maguus
893 1185 1037 1262 fuit,
1075 1195 1151 1243 ut
1188 1183 1421 1244 scholas
1451 1184 1841 1259 conficerent,
1877 1184 1959 1242 de
1980 1183 2196 1262 quibus
2220 1183 2413 1262 agitur
2446 1182 2509 1241 in
2542 1181 2583 1242 l.
2619 1188 2654 1246 1.
2684 1179 2825 1240 God.

618 1271 694 1331 de
730 1270 906 1333 offic.
947 1271 1230 1330 Praefect.
1274 1270 1544 1332 Praetor.
1587 1270 1768 1330 Afric.
1810 1279 1871 1329 et
1910 1269 1975 1328 in
2013 1266 2312 1328 Chronico
2340 1269 2469 1327 Cas.
2500 1267 2541 1325 1.
2572 1267 2617 1331 4
2646 1284 2702 1325 c.
2734 1270 2827 1330 39.

617 1375 814 1436 neque
853 1375 1001 1416 vero
1037 1357 1082 1416 ii
1121 1356 1343 1417 diversi
1387 1356 1553 1414 fuere
1594 1355 1851 1414 nominis
1896 1364 2097 1434 etymo
2144 1374 2179 1411 a
2215 1354 2426 1414 ceteris
2462 1351 2828 1411 stratoribus

618 1462 727 1502 seu
748 1443 1173 1519 mansoribus,
1227 1441 1525 1520 quidquid
1564 1441 1723 1500 dicat
1757 1441 2005 1501 Iacobus
2031 1438 2436 1499 Gethofredus
2472 1438 2555 1497 ad
2594 1438 2639 1498 l.
2668 1439 2826 1495 unic.

581 1563 588 1568 -
628 1527 777 1589 Coei.
820 1528 923 1588 le.
953 1526 1029 1586 de
1056 1539 1338 1604 straton,
1398 1527 1501 1605 qui
1531 1537 1732 1587 censet
1758 1536 2043 1588 stratores
2074 1525 2359 1585 militares
2396 1533 2459 1584 et
2492 1543 2595 1582 eos
2627 1522 2741 1600 qui
2772 1522 2829 1579 in

623 1613 818 1675 officio
858 1614 1309 1692 magistratuum
1350 1622 1524 1673 erant
1566 1614 1652 1672 sic
1693 1613 2053 1692 appellatos,
2113 1611 2279 1689 quod
2305 1610 2466 1670 viam
2497 1614 2829 1669 sternerent

619 1700 1099 1778 imperatoribus,
1128 1698 1571 1777 magistratibus
1603 1699 1769 1758 domi
1796 1699 2154 1773 militiaeque
2175 1715 2281 1756 seu
2308 1697 2465 1756 foras
2495 1693 2828 1774 proceden-

620 1784 805 1844 tibus.
891 1805 1031 1843 nam
1058 1803 1195 1841 cum
1226 1793 1514 1844 stratores
1540 1801 1646 1843 seu
1677 1779 1999 1865 ἀναβολεῖς
2035 1782 2101 1841 in
2144 1781 2424 1842 curandis
2451 1781 2829 1840 dominorum

620 1870 808 1947 equis,
846 1869 1005 1930 iniis
1030 1867 1398 1928 adducendis
1437 1880 1499 1927 et
1540 1870 1607 1927 in
1645 1869 1975 1929 allevandis
2012 1867 2268 1927 dominis
2290 1868 2352 1927 in
2381 1885 2563 1944 equos
2595 1883 2827 1944 operam

620 1975 792 2015 suam
807 1954 1075 2014 locarent
1098 1953 1286 2031 iisque
1313 1954 1721 2032 equitantibus
1744 1964 2034 2034 perpetuo
2057 1952 2350 2029 adessent,
2375 1954 2603 2012 factum
2634 1960 2830 2030 postea

619 2049 695 2101 ut
728 2040 831 2119 qui
859 2040 1110 2119 perinde
1136 2038 1609 2118 magistratibus,
1660 2048 1795 2098 tum
1840 2038 2113 2100 civilibus
2161 2048 2291 2098 tum
2329 2037 2689 2097 militaribus
2727 2035 2828 2094 ad-

621 2134 814 2201 erant,
857 2146 978 2204 quo
1017 2145 1226 2185 eorum
1249 2125 1407 2184 iussa
1433 2134 1798 2205 peragerent,
1838 2136 2134 2184 stratores
2163 2126 2340 2183 etiam
2375 2121 2832 2204 appellarentur.

622 2211 788 2271 unde
815 2232 937 2271 non
968 2211 1204 2287 desunt,
1256 2211 1360 2288 qui
1390 2209 1629 2271 eosdem
1655 2230 1777 2270 esse
1805 2231 1942 2271 cum
1976 2209 2430 2270 mandatoribus
2456 2217 2698 2289 putant,
2735 2204 2830 2283 qui

621 2299 782 2358 iussa
812 2298 1144 2358 officiorum
1175 2297 1654 2376 exsequebantur
1695 2316 2021 2375 eorumque
2045 2297 2329 2356 mandata
2357 2295 2639 2375 expedite
2675 2292 2828 2352 defe-

621 2384 872 2443 rebant„
945 2383 1032 2442 ita
1069 2382 1313 2458 Phocas,
1357 2382 1463 2462 qui
1511 2392 1740 2443 strator
1785 2383 1969 2442 Prisci
2006 2383 2241 2463 patricii
2281 2382 2458 2441 fuisse
2502 2379 2723 2440 dicitur
2759 2377 2828 2435 ab

626 2469 973 2531 Adrevaldo
1008 2471 1046 2533 l.
1086 2478 1113 2534 1
1147 2469 1223 2529 de
1250 2469 1453 2529 Mirac.
1480 2471 1540 2528 S.
1573 2469 1792 2529 Bened.
1820 2490 1869 2530 c.
1900 2474 2001 2541 10,
2042 2469 2316 2528 Aimoino
2340 2466 2439 2532 1.4
2464 2488 2519 2527 c.
2537 2473 2579 2532 3
2601 2476 2665 2526 et
2690 2464 2827 2535 aliis,

625 2555 1039 2639 ἕντολικαρίου
1067 2576 1287 2615 munus
1320 2556 1530 2615 obiisse
1560 2566 1843 2615 narratur
1873 2553 2309 2633 aTheophane,
2333 2554 2400 2613 id
2429 2562 2541 2629 est,
2574 2548 2829 2611 manda·-

628 2645 796 2702 ton‘s.
880 2662 1021 2703 nam
1054 2637 1425 2723 μανδάτορες
1456 2641 1742 2701 dicuntur
1767 2643 1831 2700 in
1859 2642 2048 2700 Gloss.
2077 2641 2253 2700 Basil.
2284 2649 2346 2699 et
2377 2641 2442 2697 in
2468 2639 2684 2698 Lexico
2713 2637 2826 2713 Cy-

626 2728 781 2792 riui:
855 2728 921 2791 ol*
961 2723 1034 2789 wi
1082 2724 1359 2808 μανδοῖτα
1404 2720 1525 2789 aiud
1577 2732 1701 2789 ταῖν
1745 2721 2052 2808 ἀρχόντων
2090 2723 2249 2804 πρός
2287 2721 2433 2800 τούς
2482 2716 2829 2803 στρατιώτας

629 2807 810 2889 ὀξέως
835 2814 1300 2893 διακομίζοντες,
1342 2831 1492 2891 quae
1534 2813 1787 2872 totidem
1831 2812 2030 2875 verbis
2067 2811 2368 2871 habentur
2398 2810 2563 2891 apud
2589 2811 2827 2869 Leonem

627 2899 695 2957 in
723 2899 944 2958 Tactic.
974 2918 1023 2955 c.
1056 2902 1098 2959 4
1126 2898 1192 2977 5.
1226 2902 1323 2963 16.
1369 2897 1559 2956 Gloss.
1590 2899 1955 2958 Graeculae:
1999 2893 2443 2979 ἐντελλόμενος,
2488 2893 2827 2955 mandator.

629 2983 760 3063 ipsa
793 3002 939 3042 vero
984 2983 1266 3041 mandata
1310 2981 1582 3046 ἐντολικά
1626 2985 1787 3043 dicta
1829 2982 1992 3063 apud
2020 2982 2502 3062 Luithprandum
2528 2982 2593 3041 in
2618 2983 2830 3056 Legat3

629 3070 714 3128 sio
735 3069 896 3127 enim
919 3067 1236 3147 legendum
1269 3088 1379 3147 pro
1408 3063 1700 3145 ἐντόλινα,
1734 3070 1902 3147 quod
1930 3089 2053 3127 non
2081 3070 2347 3128 advertit
2374 3067 2683 3141 Meursius3
2718 3083 2824 3120 m-

631 3154 846 3213 telmae
876 3154 1172 3214 vocabulo
1216 3154 1779 3233 mixolatinograe'co
1823 3157 1886 3214 in
1933 3155 2121 3215 veteri
2162 3153 2371 3213 charta
2400 3147 2825 3232 longobardica

631 3240 796 3319 apud
824 3238 1137 3318 Ughellum
1165 3241 1230 3299 in
1261 3239 1620 3319 Archiepisc.
1648 3243 1971 3301 Benevent.
2004 3261 2065 3301 n.
2089 3240 2170 3302 44
2203 3249 2348 3299 tom.
2366 3246 2407 3307 8
2440 3240 2569 3299 Ital.
2598 3242 2821 3307 Sacrae3

632 3336 697 3386 et
730 3326 794 3385 in
836 3327 1089 3405 Regesto
1125 3326 1287 3385 Petri
1325 3327 1571 3385 Diaconi
1613 3328 1806 3386 Casin.
1857 3326 2018 3407 apud
2043 3325 2332 3405 Angelum
2362 3345 2394 3382 a
2423 3326 2619 3403 Nuce,
2658 3319 2824 3380 entil-

634 3425 810 3471 mata
839 3412 1002 3492 apud
1033 3413 1211 3471 Leon.
1249 3411 1505 3471 Ostiens.
1536 3412 1577 3472 l.
1612 3421 1647 3479 1
1685 3433 1733 3477 c.
1767 3414 1870 3478 51.
1956 3412 2117 3471 idem
2157 3411 2414 3490 denique
2457 3429 2668 3471 munus
2701 3404 2822 3465 obi-

418 3510 466 3565 P
500 3508 605 3566 476
636 3498 787 3558 bant
814 3498 983 3576 quod
1005 3509 1297 3572 stator-ea,
1342 3498 1426 3557 sic
1453 3498 1599 3556 dicti
1617 3544 1633 3573 ,
1660 3496 1824 3575 quod
1853 3506 2084 3557 starent
2110 3496 2189 3555 ad.
2216 3498 2379 3557 iussa
2406 3496 2619 3577 parati,
2644 3513 2820 3571 παρα-

635 3583 917 3665 μένοντες
946 3587 1304 3665 στρατιῶται
1334 3584 1395 3642 in
1428 3584 1620 3643 Gloss.
1650 3583 1822 3643 Basil.
1908 3584 2072 3643 unde
2101 3584 2374 3643 Cuiacius
2398 3592 2677 3642 stratores
2700 3594 2819 3635 cum

634 3670 955 3729 statoribus
987 3668 1306 3728 confundit
1323 3716 1341 3742 ‚
1384 3669 1552 3748 quod
1576 3669 1875 3747 improbat
1899 3670 2214 3729 Salmasius
2231 3669 2312 3728 ad
2326 3669 2645 3728 Wleatium
2664 3659 2819 3722 Galli-

639 3775 877 3815 canum.
951 3765 1247 3814 staterum
1271 3755 1449 3813 etiam
1479 3756 1753 3814 meminit
1776 3754 2103 3814 monachus
2132 3755 2525 3833 sangallensis
2548 3754 2587 3816 l.
2602 3756 2641 3816 2
2661 3748 2815 3819 c.16;

639 3850 971 3902 stratorum
1009 3859 1156 3901 vero
1201 3839 1553 3900 militarium
1582 3840 1747 3901 Otho
1777 3840 2162 3920 Frisingensis
2186 3843 2225 3904 l.
2255 3849 2297 3907 2
2327 3839 2402 3899 de
2434 3840 2591 3899 Gest.
2616 3831 2811 3895 Fn'der·

641 3946 692 3985 c.
723 3930 837 3990 18:
902 3948 1010 3985 nec
1029 3923 1543 4007 praetereundum
1570 3930 1686 3985 erit
1711 3925 1784 3984 de
1808 3925 2138 3985 cuiusdam
2155 3938 2531 4006 praeruptae
2552 3918 2813 3982 audacias

640 4014 930 4069 stratoris
955 4015 1200 4087 virtute,
1249 4016 1361 4091 qui
1381 4010 1531 4069 dam
1566 4012 1771 4071 taedio
1799 4013 2018 4092 longae
2047 4010 2391 4070 obsidionis·
2419 4012 2665 4093 affectus·
2685 4012 2810 4062 σείε-

642 4099 733 4154 ris
764 4097 1090 4156 assiliendi
1124 4118 1327 4155 arcem
1357 4100 1691 4178 exemplum
1722 4097 1873 4157 dare
1900 4100 2089 4174 vellet,
2113 4096 2337 4178 gladio
2364 4109 2605 4157 tuntum
2630 4103 2681 4149 et
2701 4087 2811 4169 cly’

636 4203 750 4263 peo
775 4204 1119 4263 parvaque,
1151 4195 1222 4241 ut
1252 4181 1325 4240 id
1340 4206 1541 4263 genus·
1564 4185 1881 4244 hominum
1908 4185 2090 4262 solet,
2131 4187 2364 4261 securi,
2410 4204 2537 4265 qua
2561 4178 2725 4238 sellae
2744 4168 2810 4266 “f'

644 4270 728 4326 eis
766 4268 1069 4349 alligatae
1108 4280 1464 4347 portantur,
1506 4291 1788 4352 aggerem
1835 4304 1908 4317 —
1956 4268 2335 4351 aggreditur.
2424 4269 2500 4329 ab
2526 4262 2811 4327 illo'lussmt

643 4352 991 4415 Guntherus
1025 4355 1066 4415 l.
1093 4360 1141 4437 2
1168 4355 1396 4433 Ligur.:
